2630 3916
419 961 767 1061 ELOGIUM

301 1132 483 1254 urnuuu
507 1130 889 1206 nnnsunnnusn

158 1318 273 1384 Nulla
286 1319 382 1384 facile
415 1342 477 1398 ars¹
501 1342 539 1386 ac
568 1320 738 1403 disciplina
768 1321 840 1402 plus
867 1320 919 1384 vel
946 1319 1097 1403 invidiae,

90 1407 144 1473 vel
165 1407 320 1473 infamiae
342 1408 493 1492 suscepit,
516 1429 613 1492 quam
627 1429 708 1492 quoe
732 1407 936 1490 aprimario‚
959 1408 1044 1492 quod
1061 1409 1099 1472 in

85 1494 261 1578 judicando
284 1494 434 1578 cernitur,
456 1516 587 1560 munere
606 1492 729 1559 Critica
750 1499 894 1559 vocatur.
929 1493 1018 1560 Haec
1038 1495 1096 1559 oli·

92 1582 220 1666 quando
243 1581 357 1647 incidit
378 1582 414 1646 in
435 1581 567 1666 ingenia
588 1581 721 1664 furiosa,
743 1603 825 1665 quae
846 1582 935 1648 nullo
958 1582 1094 1648 rationis

92 1673 249 1753 tanquam
271 1669 363 1734 freno
376 1709 379 1712 -
392 1667 661 1754 coercerentur1),
688 1669 858 1753 aliquando
881 1670 916 1733 in
938 1670 1049 1753 jejuna
1063 1674 1096 1734 et

56 1773 72 1820 o
93 1760 242 1840 angusta,
255 1778 338 1840 quoe
358 1777 425 1822 non
438 1760 590 1840 caperent
602 1759 714 1820 tantae
726 1757 775 1821 rei
788 1758 855 1822 vim
877 1762 910 1822 et
924 1758 1095 1823 auctorita·

91 1848 168 1908 tem.
206 1842 335 1927 Duplex
352 1844 462 1929 igitur,
483 1865 542 1928 pro
564 1845 768 1928 ingeniorum
792 1842 1095 1932 dissimilitudine2),

91 1931 174 1996 inita
196 1934 246 1996 est
264 1929 400 1996 (triticea
419 1932 612 1997 exercendae
630 1931 723 1996 ratio.
758 1931 813 1996 Illi
831 1933 934 2016 firma,
951 1954 1010 1998 nec
1029 1932 1095 1998 ullo

91 2018 188 2083 modo
212 2019 451 2099 commovendo,
473 2023 594 2083 temere
608 2019 834 2084 convellebant
840 2017 875 2105 ³),
898 2023 931 2084 et
945 2024 1033 2084 certa
1046 2021 1094 2084 in-

92 2106 190 2170 certis
214 2105 405 2187 conjecturis
428 2106 604 2170 vexabant:
626 2106 661 2170 hi
683 2105 765 2169 nihil
788 2107 887 2190 aliud,
909 2107 973 2170 nisi
996 2111 1094 2171 mate·

91 2194 174 2256 riam
203 2214 220 2256 e
246 2192 339 2256 libris
367 2213 464 2257 manu
490 2191 619 2274 scriptis
649 2194 908 2276 comperiebam,
938 2194 972 2258 in
998 2195 1094 2259 rebus

92 2279 172 2362 ipsis
187 2284 221 2343 et
234 2279 380 2344 sensibus
398 2279 593 2362 scriptorum
607 2279 803 2362 explicandis
825 2283 917 2364 muti,
931 2282 965 2346 in
987 2282 1094 2347 verbis

92 2371 126 2430 et
139 2366 286 2432 formulis
301 2367 341 2430 od
350 2367 595 2451 grammaticam
603 2389 751 2432 normam
765 2368 929 2452 exigendis
944 2370 1093 2454 loquaces

92 2458 126 2517 et
139 2454 247 2519 rixosi.
278 2453 415 2539 Utrique
431 2475 503 2518 cum
526 2455 589 2518 sibi
609 2453 803 2519 Criticorum
815 2477 935 2520 nomen
948 2476 1095 2540 arrogas·

94 2545 174 2624 sent,
188 2545 229 2624 et,
241 2541 332 2606 facili
345 2541 440 2624 plebe
455 2542 610 2625 literaria,
623 2542 811 2625 tenuissent,
823 2543 990 2608 hominum
1004 2544 1094 2627 vitia,

94 2632 130 2692 ut
151 2629 221 2693 fieri
234 2628 327 2709 solet,
350 2629 390 2692 ed
402 2629 508 2711 ipsam
532 2632 635 2693 artem
657 2629 805 2694 traducta
819 2635 903 2715 sunt,
916 2635 949 2695 et
964 2629 1095 2714 Critian,

95 2716 188 2780 modo
201 2716 396 2780 temeritatis
406 2720 439 2779 et
449 2717 600 2781 audaciae
614 2722 726 2800 mater,
740 2718 835 2782 modo
849 2720 1021 2802 nugatoria
1031 2719 1095 2802 syl·

93 2803 240 2867 labarum
273 2815 403 2886 auceps,
430 2803 493 2868 dici
521 2803 698 2887 haberique
725 2805 839 2887 coepit.
885 2805 988 2881 Quam
1015 2807 1094 2870 invi-

95 2890 188 2972 diam,
210 2910 276 2954 non
297 2890 479 2956 mirandum
502 2896 561 2973 est,
582 2891 702 2955 diutius
726 2892 761 2954 in
783 2890 917 2976 Oritica,
941 2915 1037 2976 quam
1060 2894 1096 2957 in

61 2977 161 3048 rulla
183 2977 248 3041 alia
269 2977 448 3061 disciplina,
471 2978 602 3151 cui4per
625 2979 763 3042 similem
790 2980 982 3065 inquitatem
1004 2982 1095 3046 labes

97 3064 245 3146 adspersa
268 3069 363 3148 esset,
385 3065 527 3130 haesisse
607 3065 739 3130 Etenim
762 3071 886 3132 ceterae
910 3071 1006 3148 artes,
1028 3089 1094 3133 ma·

94 3171 191 3235 gruem
203 3156 329 3234 portem
338 3152 520 3236 populares,
529 3157 561 3217 et
571 3155 733 3218 communi
742 3154 976 3240 intelligentiae
985 3160 1098 3239 paten·
1183 3224 1186 3228 ,

163 3393 189 3460 1)
208 3393 330 3448 coerceri
347 3397 463 3463 possent
532 3397 558 3463 ἓ)
577 3394 738 3452 diversitate
809 3395 998 3466 nunquia
1021 3413 1089 3453 com·
1166 3469 1168 3474 Ι

95 3462 274 3544 ωονρτίιηοιι
291 3467 413 3546 possent,
433 3465 627 3520 convellebant
727 3468 755 3535 4)
775 3466 850 3532 Quae
868 3467 974 3522 invidia
991 3462 1095 3521 diutius

94 3533 234 3671 ppppqtmnp
257 3532 372 3602 critica,
395 3549 480 3602 quam
505 3536 535 3588 in
553 3565 586 3576 -
605 3536 783 3604 iniquitatem
806 3539 881 3591 esset
901 3537 979 3592 labes
1002 3538 1097 3607 aliqua

143 3703 284 3744 Bormum
297 3702 362 3753 Illos.
377 3703 427 3744 Tib.
441 3701 614 3746 Hemterhuei'u
869 3699 885 3749 1
