2630 3916
226 187 266 247 14
640 186 805 240 ELOGIUM

224 329 333 393 omnia
358 328 495 392 dicebat.
540 327 707 392 Novarum
736 327 924 410 opinionum
952 329 1169 392 subtilitatem
1193 335 1233 394 ut

223 415 319 480 facile
329 416 535 499 agnoscebat,
545 418 591 479 sic
601 413 744 499 earum²)
755 415 923 479 levitatem
934 415 1232 480 et'inconstantiam

130 509 134 514 '
224 503 275 566 rel
303 503 364 567 hoo
391 505 583 586 argumento
612 501 870 584 demonstrabat,
901 501 998 584 quod,
1027 505 1274 585 quotiescun-36

225 587 319 675 quel)
341 611 444 654 novus
471 589 713 672 Metaphysicus
742 589 876 671 existat,
903 589 1003 652 toties
1031 590 1120 671 prior
1147 591 1231 674 lonc,

225 699 319 760 quem
339 675 488 761 tenuitl),
510 676 660 758 pellatur.

289 763 327 827 ln
353 763 452 828 variis
480 767 588 826 autem
617 767 762 827 veterum
789 762 1059 846 philosophorum
1081 765 1230 847 familiia,

178 876 180 880 ¹
224 871 397 933 earumque
425 850 562 913 decretis
590 849 831 934 cognoscendis,
861 851 1068 914 vehementer
1093 851 1229 916 dolebat

225 940 345 1001 sortem
367 937 523 1000 historiae
545 936 808 1020 philosophicae,
822 935 950 1022 quae4),
972 938 1106 1001 tametsi
1129 936 1228 1002 Criti-

224 1025 269 1087 cis
296 1024 493 1088 uberrimam
520 1024 645 1107 ingenii
673 1024 839 1090 exercendi
866 1025 1036 1089 materiam
1064 1026 1229 1108 praebeat,

223 1115 333 1175 tamen
355 1111 396 1174 ad
412 1112 537 1175 nnllam
555 1111 631 1176 dum
649 1113 794 1176 criticam
817 1112 1023 1176 severitatem
1042 1117 1155 1176 exacta
1174 1114 1228 1195 sit,

224 1199 443 1262 insolentibus
461 1199 528 1262 fere
541 1199 691 1282 inillam,
705 1199 797 1284 quasi
819 1199 854 1262 in
867 1219 1002 1263 vacuam
1021 1203 1053 1262 et
1076 1199 1229 1264 caducam

224 1286 469 1368 possessionem,
488 1286 761 1370 compilatoribus,
785 1287 915 1370 quince
937 1286 1069 1368 ingenio
1087 1287 1228 1370 valeant,

134 1421 136 1424 -
225 1378 257 1436 et
275 1373 443 1437 literarum
462 1373 541 1437 adeo
555 1374 651 1438 rudes
673 1373 749 1457 sint,
770 1378 807 1437 ut
830 1395 850 1436 e·
869 1373 998 1438 vitiosis
1021 1373 1227 1456 antiquorum

223 1459 492 1544 philosophorum
510 1461 711 1526 versionibus
731 1481 853 1544 sapere,
867 1465 900 1524 et
914 1461 986 1524 inde
1002 1479 1160 1524 summam
1174 1483 1226 1525 eu·

223 1541 549 1631 jusque'disoiplinae
571 1550 725 1613 conficere
748 1546 948 1632 cogantur5).
988 1559 989 1564 ’

290 1633 480 1717 Quanquam
496 1657 536 1702 ne
560 1637 705 1720 gentium
724 1636 852 1720 quidem
870 1635 1018 1719 historia,
1041 1637 1128 1719 cujus
1147 1657 1225 1700 usus
1237 1653 1271 1700 37

223 1721 322 1785 latins
351 1724 455 1805 patet,
482 1722 616 1786 meliore
644 1725 708 1806 ipsi
739 1724 922 1787 conditione
950 1741 1020 1787 esse
1047 1723 1226 1786 videbatur.

223 1807 312 1872 Haec
331 1811 488 1891 quantum
510 1810 716 1874 obscuritatis
734 1811 786 1874 vel
810 1833 830 1874 a
846 1813 1018 1893 vetustate,
1031 1810 1087 1873 ‘vel
1111 1831 1131 1873 a
1148 1811 1225 1873 scri-

224 1899 353 1977 ptornm
385 1895 631 1982 dissensione⁶)‚
664 1897 716 1961 vel
750 1899 791 1961 ab
821 1898 894 1972 aliis
927 1898 1049 1961 caussis
1080 1897 1226 1978 traxerit,

225 2003 320 2066 quam
335 1991 488 2066 corrupta
502 1985 545 2049 sit
558 2007 616 2068 per
629 1986 771 2068 partium
785 1985 934 2058 studium,
949 1984 1103 2066 fraudem,
1117 2005 1225 2067 super·

225 2070 398 2154 stitionem,
412 2077 445 2135 et
459 2075 564 2137 sciunt
577 2094 697 2156 omnes,
706 2076 739 2136 et
748 2073 898 2136 fatentur.
916 2072 1137 2157 Veruntamen
1151 2087 1226 2154 quo·

224 2162 275 2220 tus
300 2159 434 2241 quisque
462 2157 655 2224 Oritieorum
682 2160 716 2224 in
742 2159 829 2224 huno
855 2159 1116 2242 patentissimum
1142 2178 1225 2222 eanr-

223 2266 300 2326 pum
323 2246 486 2309 excurrit?
514 2248 781 2332 quotusquisque
801 2246 932 2311 adhibet
950 2245 1114 2329 Oriticam,
1133 2245 1225 2329 quasi

224 2331 292 2394 veri
320 2332 509 2396 obrussam?
552 2333 687 2416 Signum
720 2335 759 2397 ad
791 2334 875 2398 hane
901 2352 970 2397 rem
997 2333 1224 2417 capessendam

224 2418 401 2483 sustulerat
418 2419 581 2504 Josephus
605 2419 750 2504 Scaliger
772 2420 805 2484 in
823 2421 927 2504 Opere
950 2421 1224 2486 de‘Emendotione

228 2505 417 2590 Terrenorum,
430 2512 463 2571 et
477 2509 580 2572 altero
594 2509 778 2592 Eusebieno,
787 2514 925 2591 utroque
936 2513 1076 2592 aeterno,
1089 2508 1144 2572 sed
1158 2509 1223 2571 lau·

223 2592 299 2656 dato
322 2595 437 2677 magis,
461 2617 558 2679 quam
577 2596 670 2660 lecto.
706 2593 783 2681 Ati)
802 2617 987 2679 perpaucos,
1007 2597 1061 2678 qui
1079 2615 1137 2679 per
1156 2597 1222 2678 ejus

222 2680 362 2764 vestigia
385 2681 424 2744 ad
443 2683 575 2747 eandem
598 2683 725 2747 laudem
743 2681 981 2765 contenderent,
999 2683 1145 2746 inventos
1164 2682 1222 2746 sci·

222 2789 302 2831 mne.
341 2769 411 2844 Quo
435 2772 540 2854 magis
558 2771 822 2836 Hemsterhusius
841 2772 960 2855 etipse
979 2769 1150 2834 historiam
1165 2770 1221 2834 cri·

222 2856 287 2918 tica
309 2857 434 2920 ratione
455 2859 627 2940 tractabat,
650 2863 684 2922 et
697 2857 885 2942 disciplinae
907 2879 984 2923 suae
1008 2857 1152 2922 alumnos
1184 2855 1223 2920 ad

223 2943 355 3007 eandem
368 2945 528 3008 rationem
542 2946 798 3029 amplectendam
807 2946 1018 3028 incendebat,
1035 2945 1222 3028 exemplum,
1232 2961 1267 3010 38

223 3031 262 3094 ad
291 3031 375 3114 quod
402 3032 544 3096 studium
571 3032 759 3117 dirigerent,
786 3033 826 3096 iis
853 3053 1036 3116 proponens
1064 3031 1223 3097 severissi-

222 3140 309 3182 mum
341 3119 539 3204 reliquorum
573 3119 797 3185 historicorum
834 3141 1013 3204 censorem,
1044 3119 1221 3203 Polybium,

292 3291 318 3360 1)
336 3291 449 3347 illarum
520 3293 547 3360 ᾖ)
565 3293 673 3362 quoties
744 3293 771 3360 3)
790 3310 873 3362 quem
886 3293 976 3346 tenuit
988 3310 1038 3347 oua
1086 3293 1137 3360 ’4)
1152 3290 1222 3346 Cum

222 3363 313 3414 autem
337 3363 428 3416 varias
452 3364 577 3416 veterum
598 3363 829 3432 philosophorum
851 3362 986 3428 familias,
1010 3376 1159 3429 earumque
1177 3360 1221 3412 de·

221 3434 299 3485 creta
316 3435 503 3500 cognosceret,
521 3431 655 3488 historiae
668 3433 881 3502 philosophicae
900 3434 1003 3486 sortem
1017 3430 1139 3497 dolebat,
1153 3445 1222 3497 quae

247 3548 251 3556 ,
291 3502 318 3568 ὅ)
338 3518 435 3570 sapere
453 3506 594 3572 cogantur
608 3504 649 3574 [et
666 3503 731 3556 inde
749 3529 783 3542 -
802 3502 936 3556 conficere
954 3501 1019 3570 om.]
1127 3501 1152 3567 c)
1171 3497 1222 3552 dis-

222 3587 303 3625 sensu
375 3572 401 3639 7)
419 3572 458 3626 At
475 3588 525 3626 om.
