2630 3916
177 152 220 215 20
594 149 758 204 ELOGIUM

177 297 233 372 tis,
260 298 330 358 tam
356 293 471 374 firmis,
502 297 571 357 tam
602 293 667 356 alte
698 293 830 375 positis,
860 295 990 358 tandem
1016 294 1188 360 Hemster-

176 382 288 447 husius
303 403 397 453 verae
409 385 441 444 et
452 378 617 462 legitimae
632 378 769 443 Oritices
778 381 868 444 velut
880 381 1061 445 aedificium
1071 405 1185 466 supcr-
1199 391 1246 438 50

178 470 303 532 struxit.
350 467 412 532 Sed
434 467 547 531 critica
564 467 735 550 disciplina
758 467 917 552 quomodo
940 491 1016 532 usus
1041 471 1093 551 sit,
1112 492 1187 535 non

177 557 320 621 alienum
342 555 450 638 fuerit,
473 555 615 619 eruditae
635 556 811 638 juventuti,
839 577 921 639 quae
950 557 1017 638 ejus
1041 559 1185 640 vestigia

176 644 327 726 persequi
350 639 519 727 studeat1),
541 642 651 726 paucis
675 664 841 726 exponere.

243 729 324 795 Oum
337 730 490 812 scriptori
512 731 579 794 siue
594 729 726 811 Graeco,
750 731 817 794 sire
830 729 947 795 Latino
972 731 1070 795 crisin
1087 753 1184 796 suam

177 819 344 902 impertire
368 818 598 899 constituisset,
622 817 762 898 primum
782 819 903 900 justam
933 839 1004 881 cum
1027 839 1065 881 eo
1088 818 1184 882 fami-

179 906 357 970 liaritatem
380 904 605 986 contrahebat,
632 903 695 968 hoc
718 909 780 988 est,
807 927 878 968 cum
901 926 952 968 res
982 905 1082 987 ipsas,
1108 909 1183 969 tum

176 993 283 1075 verba,
306 993 466 1056 similibus
488 992 568 1057 locis
585 993 670 1056 inter
694 1014 727 1055 se
751 993 955 1075 comparatis,
971 997 1091 1074 quanta
1113 992 1184 1055 ma-

176 1081 264 1144 xima
286 1081 358 1144 fieri
380 1083 509 1162 poterat
531 1080 715 1162 diligentia,
742 1080 969 1163 cognoscebat,
992 1083 1077 1143 recte
1096 1080 1182 1162 judi-

178 1191 267 1250 cans,
296 1168 347 1232 sui
374 1188 530 1250 quemque
563 1167 752 1248 scriptorem
784 1167 942 1248 optimum
968 1167 1183 1250 interpretem

177 1259 321 1339 cassat,
336 1255 391 1338 qui
412 1276 478 1319 non
492 1255 619 1337 saepius
641 1256 747 1317 totum
770 1254 959 1335 scriptorem
981 1276 1045 1317 uno
1067 1257 1182 1319 tenore

176 1343 321 1426 legisset,
344 1363 417 1405 eum
438 1341 474 1404 in
496 1341 691 1404 emendando
718 1340 967 1424 explicandoque
992 1342 1181 1424 turpissime

176 1427 286 1514 babil),
322 1429 396 1492 Tali
408 1429 528 1493 notitia
550 1431 725 1509 contracta,
739 1428 848 1492 omnia
871 1429 911 1491 ad
924 1432 1043 1491 certam
1063 1450 1182 1513 rerum,

177 1517 396 1598 sermonisque
418 1537 565 1580 normam
579 1515 740 1597 exigebat,
762 1515 913 1597 difficilis,
926 1517 1084 1599 suspicax,
1097 1537 1180 1579 sem-

175 1626 233 1687 per
255 1625 381 1684 verens,
407 1624 447 1666 ne
471 1603 547 1685 quid
569 1603 633 1666 sibi
654 1601 805 1666 fallacias
827 1603 880 1665 vel
908 1624 927 1665 a
949 1602 1097 1684 libraria,
1124 1605 1230 1667 ve151

177 1691 217 1755 ab
241 1690 473 1772 interpolatore
497 1693 681 1753 strueretur.
716 1689 861 1754 Tametsi
883 1689 954 1772 quis
976 1693 1106 1771 poterat
1119 1689 1180 1752 fal-

176 1780 242 1842 lere
251 1776 345 1841 illum
359 1799 489 1841 sensum
503 1780 536 1841 et
549 1781 665 1840 natura
679 1777 931 1859 sagacissimum,
946 1779 978 1840 et
992 1777 1094 1840 multo
1107 1777 1181 1840 lite-

176 1887 284 1930 rarum
307 1886 476 1947 rerumque
505 1887 565 1928 usu
592 1864 858 1928 callidissimum?
895 1863 1053 1927 Tenebrio
1075 1864 1180 1928 nobili

74 1987 76 1990 ·
177 1951 327 2035 scriptori
358 1952 481 2016 foetum
513 1973 605 2015 suum
638 1951 838 2034 subjecerat?
881 1950 1000 2016 Statim
1034 1951 1180 2016 fraudem

176 2040 272 2104 certis
296 2040 444 2123 uestigiis
466 2040 607 2104 tenebat.
652 2038 862 2103 Versificator
886 2059 1077 2122 magnorum
1097 2039 1177 2103 Po'e'-

175 2131 283 2191 tarum
312 2128 459 2191 versibus
489 2126 602 2190 furtim
633 2128 870 2210 interposuerat
906 2126 1003 2189 suos?
1045 2125 1178 2208 Spurios

175 2215 270 2278 obelo
300 2215 491 2297 configebat.
527 2213 692 2276 Librarius
715 2214 886 2277 lectionem
908 2217 1103 2296 corruperat,
1126 2213 1178 2277 uel

176 2301 295 2364 sciolus
323 2305 507 2382 corruptam
534 2300 681 2363 fucaret?
722 2299 762 2362 In
787 2303 917 2384 promtu
944 2304 1035 2364 erant
1067 2322 1178 2365 omnes

177 2387 245 2452 ueri
267 2386 444 2469 indagandi
465 2387 545 2450 viae.

242 2473 313 2557 Sed,
337 2474 482 2556 quamvis
502 2496 660 2538 summam
678 2474 801 2557 ingenii
818 2475 969 2539 fiduciam
985 2475 1104 2539 habere
1121 2496 1178 2557 po-

176 2562 303 2645 tuisset,
325 2566 434 2624 tamen
457 2558 612 2627 Codicum
638 2559 728 2626 MSS.
751 2561 812 2626 fide
835 2562 982 2644 inprimis
1005 2562 1178 2644 nitebatur,

176 2654 219 2732 et,
234 2649 318 2732 quod
331 2649 427 2732 hujus
440 2649 630 2730 disciplinae
643 2649 829 2731 expertibus
844 2650 961 2713 mirum
974 2649 1128 2731 videatur,
1138 2670 1179 2712 ex

175 2758 286 2802 eorum
307 2736 359 2800 vel
387 2735 699 2800 contaminatissima
725 2734 885 2819 scriptura
906 2735 1113 2819 pulcerrimas
1132 2735 1177 2799 le-

175 2826 299 2889 ctiones
331 2824 491 2888 eliciebat.
545 2822 651 2888 Nosse
674 2824 786 2887 modos
823 2823 1106 2906 permutandorum
1143 2823 1179 2886 in

174 2913 269 2976 libris
288 2910 403 2995 priscis
422 2912 602 2992 verborum,
624 2911 704 2974 utile
723 2911 873 2994 putabat:
895 2933 990 2993 posse
1009 2911 1094 2974 enim
1113 2915 1177 2974 tar·
1188 2923 1226 2973 52

175 3001 267 3064 diora
280 2998 412 3082 ingenia
424 2998 547 3062 talibus
562 2998 764 3062 adminiculis
779 2998 956 3062 sublevari:
976 2998 1031 3062 sed
1044 2999 1179 3062 nimiam

175 3087 210 3150 in
240 3087 292 3150 his
324 3085 529 3172 diligentiam
565 3081 803 3169 contemnebat,
839 3086 956 3150 docens
987 3085 1049 3150 hoc
1080 3086 1178 3149 etiam

176 3177 375 3256 argumento,
397 3194 512 3255 parum
535 3172 608 3236 inde
630 3171 785 3237 utilitatis
798 3173 912 3257 redire,
926 3173 1020 3256 quod,
1042 3176 1079 3236 ut
1093 3173 1178 3256 quis·

176 3281 236 3343 que
265 3260 440 3344 plurimum
469 3281 584 3344 operae
617 3261 652 3324 in
682 3260 891 3324 librariorum
920 3260 1178 3324 aberrationibus

246 3466 272 3533 1)
291 3465 383 3535 fuerit,
401 3467 431 3520 in
450 3483 544 3521 eorum
562 3469 690 3536 gratiam,
709 3468 758 3535 qui
777 3468 835 3538 ejus
853 3468 971 3537 vestigia
989 3465 1180 3537 persequenda

175 3536 274 3604 putent
362 3539 389 3604 2)
407 3537 526 3606 turpiter
544 3553 634 3592 errare
