2630 3916
418 160 554 214 TIBERII
572 160 851 215 HEMSTERHUSH.
1099 161 1140 223 27

78 321 120 370 67
134 306 163 372 si
192 304 298 368 minus
325 302 455 386 publice
487 303 654 387 apparuit,
682 307 883 367 nontamen
913 301 1062 388 icciroo¹)
1089 305 1142 368 vel

135 393 272 476 exiguus
297 413 376 471 esse,
399 391 451 455 vel
473 390 608 474 periisse
627 390 858 454 existimandus
882 393 939 454 cst.
979 389 1066 454 Nam
1087 392 1141 456 vix

135 480 223 543 ullus
248 479 315 544 sive
339 477 480 543 Graecus
503 478 571 543 sive
594 477 729 542 Latinus
753 478 892 561 scriptor
914 481 972 561 est,
995 479 1029 542 in
1051 479 1141 561 cujus

136 566 283 649 margine
315 587 382 630 non
411 565 494 630 tales
527 564 780 648 emendationes,
813 563 924 648 quales
952 587 971 630 a
998 564 1142 650 principe

137 652 334 718 Oriticorum
355 652 516 737 proficisci
542 675 602 736 par
630 649 745 738 erat2),
771 653 903 717 notarit·
948 651 1041 716 Pleni
1068 658 1143 717 sunt

137 741 398 824 castigationum,
411 745 449 805 ut
470 761 646 823 paucorum
660 741 845 805 recensione
860 738 1057 824 defimgaff),
1070 740 1143 804 Ari-

137 828 328 912 stophanes,
364 827 519 893 Oratores
550 827 667 910 Attici,
703 827 906 908 Theocritus,
949 826 1142 911 Apollonius

135 915 293 999 Rhodius,
315 914 568 1000 Harpocration:
594 915 685 998 pleni
708 937 745 979 ex
772 915 878 998 politis
900 913 1040 998 Latinis,
1067 915 1143 980 Pro-

136 1004 271 1086 pertius,
292 1002 456 1086 Manilius,
469 1001 620 1067 Valerius
643 1001 786 1067 Flaccus.
820 1001 906 1066 Hinc
928 1002 1030 1085 igitur
1051 1024 1143 1086 prae-

138 1091 235 1173 sidia,
263 1091 338 1154 hino
365 1093 555 1154 ornamenta
582 1090 778 1154 editionibus
806 1111 827 1152 a
853 1111 887 1152 se
916 1089 1063 1154 curandis
1089 1112 1170 1173 pc-·

137 1181 212 1242 tent
235 1174 371 1241 Oritices
395 1177 540 1242 studiosi.
583 1176 697 1262 Neque
720 1176 894 1241 verendum
917 1181 979 1260 est,
1003 1177 1143 1242 natalis

138 1265 310 1330 thesaurus
346 1266 381 1328 in
412 1265 559 1330 dominos
591 1265 760 1329 literarum
795 1265 890 1329 rudes
922 1263 1055 1347 incidat,
1088 1269 1144 1328 aut

139 1352 314 1435 dissipatus
336 1356 456 1435 pereat.
492 1351 607 1417 Adhuc
629 1353 724 1417 illum
744 1352 908 1435 integrum
925 1349 1144 1415 servatFran-

140 1440 242 1504 ciscus
265 1438 540 1521 Hemrterhusius,
561 1461 643 1503 unus
667 1461 705 1503 ex
734 1439 839 1502 tribus
866 1437 943 1502 filiis
972 1442 1144 1521 superstes,

90 1542 130 1591 oe
140 1527 269 1608 paterni
291 1526 423 1610 ingenii,
437 1527 546 1608 a'nimi,
560 1529 593 1589 et
607 1526 672 1589 oris
695 1527 812 1610 imago,
827 1525 882 1608 qui
893 1552 894 1555 ¹
904 1524 1145 1609 philosophiam

142 1617 174 1677 et
188 1613 435 1677 mathematicas
450 1618 536 1676 artes
550 1635 623 1676 oum
636 1613 841 1696 antiquitatis
856 1609 1030 1695 eruditae4)
1045 1614 1145 1676 scien-

140 1701 190 1764 tia
211 1701 259 1763 ita
282 1700 456 1782 conjunxit,
478 1703 523 1783 ut,
548 1722 612 1782 qua
634 1699 729 1764 laude
751 1698 857 1782 magis
886 1699 1035 1782 excellat,
1064 1700 1144 1764 diffi-

141 1787 202 1850 cile
234 1788 278 1850 sit
309 1787 504 1851 existimare.
554 1785 617 1850 Sed
643 1786 728 1851 idem
759 1786 916 1851 inusitata
947 1786 1145 1851 liberalitate

141 1877 248 1938 totum
266 1875 360 1937 illum
381 1875 568 1938 thesaurum
582 1873 803 1938 Bibliothecae
825 1873 974 1955 publicae
986 1872 1145 1958 Leidensi,

141 1965 216 2045 post
238 1961 308 2024 fata
331 1981 397 2043 sua,
419 1961 538 2025 donare
552 1961 731 2043 constituit,
749 1963 818 2044 jam
840 1982 925 2024 nunc
939 1960 1033 2023 fidem
1054 1984 1146 2026 suam

141 2070 199 2130 per
221 2069 272 2111 me
300 2049 449 2112 omnibus
476 2048 524 2111 ita
547 2048 744 2131 astringens,
770 2050 807 2111 ut
835 2046 915 2111 haec
941 2047 1071 2130 publica
1093 2071 1145 2112 vo-

142 2136 278 2200 luntatis
302 2134 478 2201 declaratio
501 2135 689 2200 testamenti
710 2135 777 2198 vim
798 2133 920 2204 habere
941 2135 1055 2216 possit.
1093 2134 1146 2200 Sic

142 2223 247 2286 facere
270 2223 405 2287 decebat
426 2222 539 2306 filium,
562 2222 618 2305 qui
634 2222 730 2286 nobis
751 2225 877 2306 patrem
896 2243 969 2287 oum
991 2222 1064 2286 aliis
1084 2223 1146 2287 vir·

141 2310 278 2392 tutibus,
301 2315 372 2374 tum
394 2310 494 2374 animi
516 2309 740 2393 magnitudine
762 2309 876 2374 reddit.

209 2395 296 2462 Satis
311 2397 415 2462 multa
428 2397 467 2460 de
480 2395 721 2462 Hemsterhusii
735 2398 867 2480 ingenio
882 2400 915 2460 et
929 2398 1077 2462 doctrina
1099 2399 1145 2462 di-

143 2486 257 2549 ximus.
291 2483 385 2550 Nunc
408 2485 551 2549 animum
570 2484 832 2568 contemplemur,
849 2485 978 2567 utrique
996 2485 1147 2551 facultati

144 2573 194 2636 vel
224 2593 348 2655 parem,
379 2572 432 2636 vel
464 2572 670 2655 superiorem.
720 2571 789 2637 Nec
821 2571 962 2636 alienum
995 2576 1059 2655 est,
1091 2575 1147 2656 qui

99 2669 135 2715 69
147 2657 259 2724 Oritioi
280 2661 384 2724 nostri
407 2660 532 2723 animus
556 2663 588 2723 et
607 2681 713 2723 mores
735 2659 867 2744 fuerint,
881 2679 1042 2742 quaerere,
1056 2682 1147 2743 prae-

146 2747 257 2810 sertim
284 2767 356 2810 oum
389 2745 428 2810 de
456 2743 650 2811 Oritioorum
676 2747 819 2811 moribus
852 2767 890 2810 aa
917 2746 1147 2810 inveteraverit

145 2854 277 3003 litt,
291 2834 480 3005 ”latitud
506 2833 1147 3004 {ttthtrtttttdtqttt

144 3027 262 3091 negare
271 3029 338 3072 non
346 3009 577 3092 possum,tales
585 3012 618 3073 et
627 3009 706 3074 olim
715 3009 823 3091 fuisse,
831 3005 1148 3093 etiortasse⁵)etiam

144 3115 227 3160 nuno
249 3117 328 3160 esse.
373 3095 466 3160 Addo
490 3096 603 3178 ctiam,
625 3097 778 3162 ridiculas
801 3097 937 3160 istorum
959 3115 1085 3178 pugnas
1108 3096 1146 3159 de

144 3183 249 3246 verbis
273 3186 306 3246 et
320 3183 413 3266 parvi
436 3185 593 3248 momenti
607 3184 702 3249 rebus
717 3181 872 3248 Oritioam
886 3203 952 3247 non
964 3183 1080 3247 leviter
1102 3183 1147 3247 in·

144 3267 292 3333 fumasse.
328 3269 550 3336 Veruntamen
573 3270 646 3355 quis
668 3274 737 3335 tam
759 3270 888 3354 iniquus
909 3269 1006 3352 judex
1029 3274 1088 3349 est,
1112 3274 1148 3335 ut

36 3527 37 3530 ,
213 3479 238 3544 1)
257 3476 362 3531 idcirco
451 3480 478 3546 2)
497 3477 635 3546 proficisci
652 3477 792 3530 debebant
871 3477 898 3544 3)
917 3477 949 3528 ut
966 3490 1069 3544 paucos
1086 3477 1147 3528 tan·

36 3543 38 3572 ²
145 3546 201 3597 tum
219 3546 361 3600 nominem
445 3548 472 3613 4)
492 3547 616 3600 eruditae
635 3544 810 3613 antiquitatis
899 3547 926 3612 6)
945 3544 1017 3598 forte

1060 3820 1063 3823 .
1080 3780 1140 3823 A
