2630 3916
218 171 259 232 12
632 162 797 218 ELOGIUM

218 309 381 392 Oratores,
403 307 537 389 Poetae,
563 306 761 388 Historicos,
788 304 896 369 valere
922 303 1072 386 juberent
1094 303 1222 370 Mathe·

217 397 354 461 maticos
363 400 396 460 et
405 393 630 477 Philosophus.
651 393 704 458 Sic
713 393 924 456 humanitatis
933 391 1112 476 disciplina,
1123 394 1221 458 rebus

217 503 371 566 magnam
391 485 518 566 partem
540 503 578 546 ex
600 502 639 545 ea
661 479 812 562 sublatis,
838 500 939 562 prope
967 483 1038 543 tota
1057 479 1147 562 facta
1168 484 1223 545 est

218 570 390 652 disciplina
411 569 590 634 verborum.
629 566 680 632 nx
703 588 741 631 eo
763 569 909 651 tempore
930 566 1119 649 philosophi
1138 568 1220 650 ejus-

218 658 305 722 modi
313 656 337 742 ¹)
360 657 543 722 literatores
565 675 638 720 cum
661 658 730 718 arte
754 677 813 718 sua
834 657 1088 719 contemserunt:
1111 654 1221 718 litera-

217 748 305 809 tores
327 744 366 807 de
383 742 609 807 humaniorum
631 742 800 806 literarum
819 742 1034 807 contemtione
1057 741 1098 806 ad
1115 742 1221 805 ravim
1288 747 1289 750 ’

218 852 318 1001 cu
335 827 1220 1000 occurreretur

215 1007 325 1088 jorum
347 1006 498 1070 instituta
524 1025 673 1068 revocare
701 1025 864 1088 conemur,
891 1000 1061 1088 forsitam)
1090 1025 1220 1086 operam

218 1093 398 1176 perdamus.
435 1091 497 1156 Sed
514 1090 668 1174 profecto,
692 1092 721 1155 si
742 1092 840 1156 rectis
859 1089 1003 1156 consiliis
1021 1092 1127 1155 locum
1145 1091 1220 1154 dare

218 1180 331 1262 velint,
344 1176 439 1264 unat)
453 1183 601 1261 superest
612 1180 706 1261 ratio,
720 1199 785 1263 qua
798 1183 832 1243 et
843 1180 955 1243 literas
970 1183 1003 1242 et
1016 1183 1117 1242 semet
1132 1179 1219 1261 ipsos

219 1289 239 1330 a
266 1270 429 1331 contemtu
457 1266 620 1330 vindicare
649 1269 769 1349 queant
778 1263 813 1350 ⁵).
862 1265 1033 1331 Revellaut
1065 1267 1265 1331 terminosea

219 1353 440 1436 humanitatis,
454 1375 534 1436 quos
548 1354 681 1436 ignavia
693 1354 872 1436 coustituit,
883 1354 1041 1437 recipiant
1054 1353 1088 1416 in
1102 1353 1221 1417 artium

141 1471 145 1477 ·
219 1441 451 1525 chorum,quas
460 1440 534 1505 inde
548 1442 767 1523 ejecenmtet
780 1437 1050 1526 Hemsterhusii⁶)
1064 1441 1220 1524 exemplo,

219 1527 1220 1611 literarumstudiumcumMathesietPhilosophiaconjungent.

285 1613 470 1680 Geometria
492 1616 636 1690 animum
664 1637 684 1680 a
706 1616 853 1698 sensibus
877 1615 917 1678 ad
940 1637 987 1696 ea,
1009 1637 1091 1697 quae
1113 1619 1219 1678 mente

220 1704 417 1784 contuemur,
433 1702 646 1785 intelligenda
662 1703 813 1784 traducit,
831 1702 978 1786 acuitque
997 1703 1030 1764 in
1046 1723 1122 1766 vero
1137 1702 1220 1785 judi·

219 1789 330 1854 cando.
374 1788 419 1852 Et
446 1790 615 1872 quisquam
637 1789 811 1872 dubitabit,
839 1790 930 1873 quin,
957 1789 1012 1871 qui
1039 1788 1101 1853 hac
1127 1790 1219 1854 disci·

219 1877 309 1959 plina
330 1875 497 1960 ingenium
516 1876 688 1960 subegerit,
706 1877 805 1941 etiam
821 1877 856 1940 in
877 1876 980 1941 literis
999 1878 1129 1960 nostris,
1147 1897 1218 1940 acu-

219 1964 285 2027 tius
321 1967 430 2028 cernat
466 1963 524 2046 iis,
557 1965 613 2046 qui
649 1985 814 2047 nunquam
850 1964 1020 2047 attigerint
1055 1964 1219 2047 pulverem
1255 2021 1258 2025 .

220 2051 401 2115 eruditum?
441 2049 687 2116 Hemsterhusio
723 2051 802 2134 quid
836 2049 1020 2115 Geometria
1054 2051 1220 2134 profuerit,

220 2138 411 2222 sciunt‘qui
432 2139 485 2203 vel
512 2139 634 2221 scripta
663 2139 731 2222 ejus
758 2139 940 2221 cognorint,
967 2138 1019 2203 vel
1047 2160 1219 2203 sermones.

219 2223 377 2308 Quicquid
391 2247 431 2288 ex
444 2247 498 2290 ore
515 2222 664 2309 exibetl),
678 2225 829 2309 quicquid
846 2225 951 2288 literis
965 2224 1218 2310 mandabatur⁸),

220 2311 320 2376 etiam
341 2313 377 2375 in
399 2312 511 2376 critico
534 2331 664 2394 genere,
686 2313 780 2376 facile
802 2312 958 2395 prodebat
980 2314 1144 2396 ingenium
1167 2313 1217 2378 ad-

220 2404 346 2464 suetum
372 2399 586 2483 geometricae
619 2397 835 2485 subtilitatil).
879 2398 972 2464 Nihil
999 2401 1147 2464 sumebat
1172 2405 1262 2466 te-ee
1293 2443 1294 2464 r

219 2508 313 2570 mere,
336 2487 391 2551 sed
414 2508 434 2550 a
456 2490 543 2551 certo
558 2487 697 2570 cognitis
719 2491 752 2552 et
765 2487 942 2570 perspicuis
966 2488 1018 2552 vie
1041 2493 1074 2552 et
1095 2489 1218 2552 ratione

218 2574 486 2656 progrediebatur
513 2574 553 2638 ad
581 2596 633 2657 ea,
660 2595 741 2658 quae
768 2575 842 2638 inde
867 2576 1052 2640 necessaria
1072 2597 1217 2641 consecu-

218 2660 307 2724 tione
331 2662 541 2726 efficerentur.

286 2746 348 2811 Sed
371 2749 437 2813 alia
459 2772 584 2834 quoqne
606 2749 764 2814 Mathesis
794 2771 870 2834 pars
894 2755 956 2832 est,
979 2772 1075 2835 quam
1098 2747 1216 2814 (tritico

219 2833 365 2899 dedecori
388 2836 433 2900 sit
454 2837 614 2920 ignorare.
653 2837 743 2900 Haec
766 2843 815 2900 est
837 2837 1056 2922 Astronomia,
1076 2859 1217 2920 praeser-

218 2921 279 2984 tim
301 2924 444 3007 autiqua,
466 2925 535 2988 sine
553 2926 642 3007 cujus
665 2925 800 2989 scientia
816 2946 877 2989 nec
895 2925 1019 3007 Graeci,
1035 2946 1093 2989 nec
1110 2925 1218 2990 Latini

220 3008 351 3093 Podtae,
381 3012 436 3094 qui
465 3011 538 3076 inde
572 3012 676 3076 m‘ulta
707 3012 903 3077 carminibus
936 3014 1002 3077 suis
1031 3017 1218 3076 ornamenta

290 3199 316 3266 1)
334 3200 406 3254 tales
512 3202 539 3268 2)
557 3200 701 3255 literarum
723 3205 865 3257 contemtu
887 3218 902 3256 e
921 3201 1060 3256 cathedris
1082 3203 1217 3256 declama-

218 3270 290 3335 runt,
308 3285 359 3323 nec
376 3269 534 3393 iutelligere
547 3269 606 3325 ullo
624 3271 707 3325 modo
725 3274 883 3340 potueruut,
901 3288 952 3325 sun
966 3272 1014 3353 [sd
1032 3272 1120 3326 ravim
1133 3288 1216 3339 usque

218 3339 515 3461 1>
590 3343 921 3479 cornuue
939 3344 1051 3477 uu
1070 3343 1219 3464 meru

216 3479 576 3616 gmul)agluuuuuuuutplanum
595 3481 723 3536 omnibus
744 3479 877 3548 faciebat,
895 3495 980 3548 quam
998 3481 1130 3534 adsuetus
1148 3481 1219 3534 esset
