2630 3916
104 1245 126 1286 's

174 114 214 177 18
589 113 754 168 ELOGIUM

172 257 306 321 Latinos
330 257 503 340 scriptores
530 255 650 320 rectius
677 255 931 339 intelligendos?
967 253 1103 322 Constat
1130 260 1183 324 in·

168 351 223 429 ‚ter
245 365 370 427 omnes,
394 344 582 427 scriptores,
610 362 690 425 quos
714 343 865 425 diximus,
886 343 1026 408 maxime
1047 343 1181 428 Poetae,

173 431 328 496 Graecam
337 431 476 496 formam
486 430 621 514 singulis
631 451 732 513 prope
750 431 858 495 verbis
869 432 1075 513 expressisse,
1088 436 1121 496 et
1130 433 1182 496 in·

172 519 388 583 numerabiles
420 519 546 602 lepores
578 539 774 600 veneresque
807 538 845 582 ex
873 516 1003 582 Graecis
1031 517 1180 584 fontibus

172 628 256 670 nunc
284 607 441 690 apertius,
463 626 548 669 nunc
576 605 732 670 occultius
755 603 925 670 derivasse.
969 603 1039 670 Nec
1066 605 1110 671 M.
1136 606 1180 672 A.

172 693 317 758 Muretus
340 693 444 758 dicere
467 692 638 775 dubitavit,
660 711 717 775 eos,
743 693 797 774 qui
820 691 932 758 &aas
957 695 1105 760 amenis
1126 715 1179 758 ec·

167 786 268 864 peries
289 782 364 863 sint,
390 801 429 846 ne
455 780 568 844 Latine
594 781 715 861 pcr‘r'dem
740 781 855 861 so‘ipto
875 781 1001 862 mains
1019 783 1180 864 perenm

168 887 264 950 posse.
309 867 386 932 Jam
415 868 444 933 si
471 867 668 952 cogitatione
699 867 762 931 tibi
787 866 956 950 fingendus
990 868 1034 934 sit
1061 868 1179 933 harum

173 956 408 1038 elegantiarum
442 955 614 1038 interpres,
646 976 688 1018 an
721 953 898 1020 doctiorem
928 953 1178 1022 Hemsterhusio

172 1044 315 1126 reperias
323 1042 370 1129 ¹)?
406 1042 480 1126 lpse
502 1042 554 1106 vir
575 1063 719 1106 summus
742 1039 844 1127 sesai)
871 1043 906 1106 in
932 1041 1059 1108 Latinis
1082 1042 1178 1108 intel·

173 1130 311 1216 ligandis
335 1127 413 1214 sio³)
442 1152 462 1194 a
483 1128 614 1195 Graecis
642 1129 786 1212 adjnwi
815 1130 989 1214 sentiebat,
1015 1133 1052 1196 ut
1078 1131 1178 1194 inter-

173 1219 249 1283 dum
270 1221 416 1301 negaret,
437 1217 556 1281 Poeta·
580 1237 650 1300 eos,
673 1217 728 1300 qui
749 1238 784 1281 se
806 1220 894 1282 totos
918 1218 958 1281 ad
981 1217 1178 1283 Graecorum

173 1305 390 1380 imitationem
401 1304 623 1388 contulissent,
636 1304 830 1369 nominatim
842 1302 1049 1388 Propertium
1063 1309 1096 1370 et
1108 1305 1176 1370 Ho-
1189 1315 1231 1364 46

174 1393 308 1475 ratium,
332 1391 452 1456 Graece
480 1391 639 1474 imperitis
667 1391 761 1456 valde
789 1391 915 1474 placere
937 1414 1041 1475 posse
1084 1393 1177 1458 Adeo

173 1480 286 1562 multa,
304 1501 385 1562 quae
398 1479 627 1544 venustissima
645 1482 678 1543 et
697 1479 950 1562 exquisitissima
968 1480 1043 1562 sint,
1066 1501 1179 1545 eorum

175 1589 303 1630 sensum
325 1567 642 1650 intelligentiamque
664 1565 788 1631 fallere.
824 1565 980 1630 Omnibus
994 1567 1096 1652 igitur
1109 1590 1178 1633 mo-

175 1655 223 1717 dis
256 1650 369 1737 bene4)
403 1674 423 1717 a
450 1653 628 1736 majoribus
664 1653 874 1718 constitutam
905 1655 1081 1738 rationem,
1113 1677 1179 1738 qua
1296 1733 1297 1736 Ἴ

173 1740 341 1824 utriusque
369 1740 500 1824 linguae
528 1739 669 1804 studium
699 1741 960 1825 conjungeretur,
984 1739 1179 1827 tuebatur5),

176 1828 216 1890 ab
241 1848 341 1910 eaque
355 1848 420 1890 non
443 1826 543 1890 semel
566 1827 722 1891 descitum
741 1848 811 1892 esse
832 1825 1068 1914 vehementer&
1090 1829 1179 1894 dele-

159 1915 240 1978 bat.
287 1912 352 1979 Sub
380 1915 454 1997 ipsa
479 1913 672 1991 Academiae
704 1915 899 1979 incunabula
925 1914 1043 1980 Ireidae
1074 1917 1178 1982 bonas

176 2002 289 2066 literas
312 2001 422 2067 docuit
443 1999 557 2066 Justus
575 2000 714 2085 Lipsius,
736 2001 897 2086 perfectus
920 1996 1025 2066 literis
1042 2002 1178 2088 Latinis,

174 2088 369 2153 Graecarum
392 2088 596 2154 mediocriter
618 2086 781 2175 peritus⁷).
816 2089 848 2153 Is
871 2089 976 2154 dicere
999 2111 1096 2155 ausus
1119 2094 1179 2175 est,

175 2176 313 2242 Graecas
328 2176 441 2242 literas
455 2176 580 2242 homini
594 2177 719 2242 erudito
733 2177 864 2242 decoras
880 2198 959 2260 esse,
978 2179 1178 2244 necessarias
1295 2193 1296 2200 ’

174 2285 241 2327 non
272 2264 360 2327 item.
406 2262 500 2339 Quod
533 2263 761 2329 stultissimum
792 2263 914 2329 dictum
939 2264 1051 2330 Isaaco
1080 2267 1179 2331 etiam

175 2347 422 2434 Oasaubono*),
449 2371 512 2432 quo
534 2370 601 2414 non
622 2349 686 2415 fuit
712 2352 845 2416 lenioris
871 2356 1005 2417 naturae
1028 2350 1178 2436 Oriticus,

174 2436 380 2502 vehementer
406 2437 507 2501 bilem
533 2437 644 2503 movit
690 2437 752 2503 Sed
778 2439 899 2504 bonum
924 2439 1062 2525 factum,
1093 2441 1228 2525 quod4⁷

174 2529 243 2589 tam
264 2525 446 2608 perniciosa
468 2525 573 2590 literis
592 2525 702 2607 opinio
725 2526 832 2591 nullas
849 2526 974 2591 radices
993 2526 1070 2610 egit
1100 2526 1178 2592 Mox

175 2609 294 2697 enim⁸)
317 2615 473 2695 tanquam
500 2612 591 2678 coelo
614 2613 732 2678 missus
754 2612 916 2697 Josephus
941 2612 1099 2697 Scaliger,
1127 2615 1179 2679 oui

174 2699 292 2764 Batavi
318 2719 420 2782 prope
448 2721 576 2764 omnam
602 2698 758 2787 rectum⁹)
780 2701 903 2785 ingenii
925 2701 1060 2784 cultum,
1083 2722 1180 2785 quem
1293 2775 1294 2790 χ

175 2809 214 2850 ex
237 2808 275 2853 eo
298 2790 443 2870 tempore
466 2785 665 2874 ceperintw),
686 2788 716 2852 si
738 2789 913 2873 gratiosae
935 2789 1046 2872 velint,
1069 2810 1179 2872 accep·

174 2878 245 2938 tum
273 2874 393 2938 referre
420 2873 552 2956 debent,
579 2873 724 2960 Scaliger
755 2876 857 2958 igitur
884 2897 956 2942 cum
983 2879 1105 2941 ceteras
1132 2878 1179 2940 in·

175 2983 297 3046 genuae
320 2964 417 3045 artes,
438 2964 509 3026 tum
527 2959 667 3026 Graecas
690 2962 813 3048 literas,
836 2984 1007 3047 earumque
1029 2984 1103 3028 cum
1119 2963 1180 3028 La-

209 3151 234 3220 *)
258 3151 327 3208 Vide
340 3151 498 3208 Cusuetani
515 3151 633 3220 Epistol.
658 3158 718 3225 291.
737 3157 762 3208 et
779 3158 840 3208 294.
858 3157 883 3208 et
900 3152 994 3222 Lapsr'e'
1010 3152 1102 3223 Epist.
1118 3158 1179 3208 366.

174 3222 206 3276 in
224 3221 326 3291 Syllop.
344 3222 442 3276 Burm.
463 3222 495 3275 Τ.
515 3222 543 3276 Ι.
556 3239 588 3290 p.
607 3228 667 3277 876.

246 3293 272 3359 1)
290 3291 412 3360 reperire
434 3291 543 3360 possis?
646 3293 673 3360 2)
697 3308 727 3348 se
815 3293 842 3360 3)
864 3293 906 3347 ita
997 3293 1027 3360 4)
1050 3293 1181 3346 tuebatur

173 3361 246 3415 bene
317 3362 344 3428 ὁ)
358 3362 490 3416 tuebatur
502 3363 528 3416 b.
542 3362 560 3416 l.
575 3363 649 3418 otest
720 3364 747 3430 6)
760 3363 939 3417 vehementer
951 3377 1001 3416 om.
1075 3363 1101 3429 ’1)
1115 3362 1179 3430 Lip-

174 3433 240 3500 sius,
258 3431 375 3486 Latinae
393 3431 506 3500 linguae
524 3430 662 3501 imprimis
679 3432 797 3503 peritus,
816 3431 922 3486 Graece
939 3431 986 3485 vir
1003 3430 1181 3484 mediocriter

174 3502 272 3557 doctus
340 3502 366 3569 8)
381 3499 455 3555 Nam
468 3516 533 3556 mox
600 3504 627 3571 9)
640 3505 748 3558 rectum
765 3517 815 3557 om,
905 3502 950 3569 10)
968 3502 1104 3570 ceperunt
