2630 3916
416 160 551 214 TIBERII
568 155 846 211 HEMSTERHUSII.
1093 151 1134 213 21

126 305 284 372 notandis
311 304 486 386 posuisset,
519 303 623 384 iisqne
650 300 813 383 margines
843 297 1001 360 librorum
1028 294 1137 377 opple-

128 395 244 474 visset,
264 392 314 455 ita
327 390 452 454 nullam
466 408 662 472 magnopere
676 384 812 450 Oritioes
826 384 955 448 laudem
968 378 1138 464 tulisset1).

8 483 10 562 ξ
130 481 223 546 Vero
243 476 447 542 Oritieo'vim
460 477 562 558 ipsius
576 474 764 555 sententiae,
778 476 811 536 et
825 471 981 536 sermonis
994 468 1138 551 proprie

131 572 238 632 tatem
260 567 343 630 bene
365 559 609 648 perspectam2),
631 561 727 624 facile
745 560 786 643 id,
810 560 895 642 quod
912 579 965 621 res
987 555 1140 639 postulet,

8 697 9 700 =
133 653 350 737 suppeditare.
385 651 448 714 Hie
463 652 562 714 etiam
584 649 690 712 looum
708 648 828 712 habere
851 645 931 709 illud
945 644 1052 708 Asinii
1063 641 1139 706 Pol·

8 773 9 794 i
133 743 249 806 lionis:
285 740 373 804 Male
403 740 522 802 aaut
550 737 659 818 vobis,
690 737 754 800 arsi
787 755 851 798 rem
875 737 1056 814 sentiantur:
1088 729 1140 792 vel

133 829 219 893 illud
241 826 381 908 Horatii,
404 848 443 889 ex
465 825 622 888 Asiniano
647 844 845 906 expressum:

209 916 362 994 Verbaque
378 915 539 994 proveham
560 933 625 975 rem
646 932 710 975 aba
731 912 830 973 invito
851 913 1019 989 sequentur.

89 1012 123 1060 53
207 1001 269 1066 Sed
291 1002 371 1064 duos
394 1001 543 1083 inprimis
567 1000 730 1083 scopulos,
756 997 932 1060 multorum
961 993 1141 1074 naufragiis

136 1091 283 1172 infames
293 1093 326 1151 et
340 1089 409 1171 ipse
423 1088 580 1170 fugiebat,
590 1089 623 1148 et
632 1086 723 1168 alios,
732 1089 769 1148 nt
781 1084 938 1168 fugerent,
948 1076 1142 1162 monebar),

136 1178 356 1242 temeritatem
367 1179 400 1238 et
414 1175 684 1259 superstitionem.
706 1172 861 1235 Furorem
872 1168 1048 1253 judicabat,
1058 1165 1142 1250 qnod

137 1287 205 1329 non
218 1263 394 1344 intelligas,
408 1263 522 1326 statim
544 1283 636 1324 urere
652 1265 685 1323 et
699 1281 821 1341 secare,
845 1257 1029 1338 amentiam,
1052 1254 1143 1337 aegri

139 1352 255 1434 eapitis
279 1351 405 1415 somnia
426 1351 461 1412 in
478 1352 662 1413 contextum
684 1347 843 1429 invehere,
862 1345 986 1410 abolita
999 1345 1143 1406 veterum

139 1440 298 1503 librorum
321 1438 488 1519 scriptura.
532 1435 627 1517 Nam,
650 1435 679 1499 si
700 1435 762 1498 hoe
785 1433 880 1496 modo
903 1430 1047 1514 grassari
1069 1429 1143 1491 lice

139 1530 199 1608 ret,
221 1526 313 1588 brevi
334 1525 487 1607 futurum,
508 1528 545 1586 ut
568 1522 746 1604 calamitas,
769 1542 865 1603 quam
888 1517 989 1582 Gothi
1003 1520 1036 1580 et
1058 1515 1144 1580 Van·

140 1611 237 1696 dali4)
260 1612 354 1676 bonis
378 1612 470 1675 libris
485 1612 725 1694 importassent,
737 1630 815 1690 prae
829 1607 890 1670 hae
912 1605 993 1669 levis
1009 1607 1042 1668 et
1063 1603 1143 1667 tole-

140 1701 255 1764 rabilis
288 1699 444 1763 videatur.
499 1695 651 1781 Ieoiroo⁵)
683 1697 718 1759 in
753 1696 833 1760 loeis
865 1694 1059 1778 desperatis,
1087 1691 1141 1754 ubi

139 1787 232 1851 nulla
253 1787 338 1850 ratio
362 1790 447 1849 esset
469 1785 670 1850 difficultatis
698 1783 924 1866 expediendae,
953 1780 1145 1844 medicinam

141 1875 182 1938 ab
197 1873 427 1954 integrioribus
442 1872 535 1936 libris
551 1873 807 1954 exspectandam,
821 1880 854 1933 et
868 1870 999 1933 omnino
1013 1867 1097 1931 nihil
1110 1866 1145 1928 in

141 1963 307 2036 contexta,
333 1961 398 2023 nisi
428 1963 628 2024 vetustarum
655 1960 914 2021 membranarum
944 1955 1145 2036 auctoritate,

141 2047 335 2112 movendum
357 2048 518 2128 censebat,
539 2068 580 2108 ne
593 2045 742 2127 Bentlejo
766 2044 893 2126 quidem
915 2044 1043 2106 veniam
1065 2042 1145 2106 dans

141 2135 302 2215 licentiae,
325 2156 422 2216 quam
445 2134 508 2196 sibi
530 2133 646 2210 sumsit
669 2133 703 2195 in
725 2131 859 2194 Manilio
882 2130 1073 2194 recensendo
1083 2127 1118 2214 ⁶).

94 2235 131 2283 54
208 2221 255 2284 At
277 2233 362 2304 vero,
385 2221 440 2303 qui
461 2220 588 2284 nullum
615 2219 765 2283 audaciae
788 2219 894 2282 lorum
917 2215 1053 2304 daret7),
1080 2239 1146 2281 non

142 2310 248 2372 minus
276 2309 467 2390 repudiabat
495 2308 614 2371 anilem
646 2307 850 2390 religionem,
878 2329 959 2390 quae
986 2329 1020 2370 se
1047 2307 1145 2389 impe-

142 2397 216 2459 ritis
240 2396 416 2459 modestiae
438 2395 576 2459 nomine
592 2395 814 2459 commendare
838 2395 946 2477 audet,
970 2399 1002 2458 et
1021 2416 1145 2476 semper

142 2484 306 2566 vulgatae,
320 2483 466 2566 quamvis
489 2482 594 2546 futilis
609 2487 641 2545 et
655 2482 822 2564 absurdae,
835 2483 984 2546 lectionis
1007 2483 1145 2566 patroci-

142 2571 234 2634 nium
256 2570 434 2652 profitetur.
480 2568 542 2634 Sed
566 2592 660 2654 quae,
683 2570 815 2633 malum!
839 2573 889 2633 est
910 2569 1022 2652 lectio,
1050 2591 1146 2652 quarn

143 2663 313 2740 tantopere
332 2659 467 2742 jactant,
480 2659 636 2740 vulgata?
672 2657 704 2722 N
705 2680 760 2720 um
774 2680 812 2721 ex
826 2659 962 2721 vetustis
977 2662 1009 2721 et
1023 2662 1146 2739 speeta-

143 2752 198 2809 tae
220 2746 296 2809 fidei
323 2745 415 2809 libris
443 2746 610 2829 profecta?
651 2745 738 2809 Num
766 2747 860 2810 certis
888 2745 1077 2808 emendandi
1104 2746 1148 2807 le-

144 2834 240 2916 gibus
268 2834 467 2897 constituta?
502 2833 645 2898 Minime.
690 2834 753 2897 llla
778 2831 877 2918 est*),
905 2855 1000 2915 quam
1027 2833 1062 2896 in
1088 2853 1147 2896 suo

145 2921 279 3003 quisque
307 2921 392 2985 libro
420 2923 556 3005 reperit:
585 2944 680 3005 quae,
707 2925 744 2986 ut
767 2921 939 3004 aliquando
966 2924 1090 2984 veteres
1114 2924 1148 2983 et

144 3009 247 3071 bonos
263 3006 396 3072 Codices
421 3013 566 3074 auctores
590 3010 718 3092 habeat,
741 3009 868 3093 saepius
882 3012 990 3072 tamen
1013 3029 1029 3070 e
1053 3007 1146 3071 libris

144 3095 271 3158 vitiosis
296 3100 328 3159 et
346 3096 560 3181 interpolatis,
582 3099 681 3162 immo
701 3119 739 3161 ex
752 3096 924 3161 Editor-um
946 3096 1147 3179 conjecturis,

180 3336 206 3404 *)
230 3337 299 3392 Vide
318 3337 356 3393 Ol.
375 3339 491 3394 Ernesti
509 3341 603 3408 Proef.
623 3341 662 3395 od
680 3341 805 3395 Toeitwm

216 3408 242 3474 1)
266 3408 417 3462 invenisset
523 3413 550 3478 2)
575 3413 707 3465 sermonis
734 3411 847 3480 genium
874 3411 944 3464 bene
972 3410 1148 3477 perspectum

145 3479 172 3543 3)
192 3480 221 3530 et
239 3477 309 3531 alios
328 3478 423 3548 fugere
442 3481 574 3534 monebat
649 3484 676 3547 4)
696 3481 827 3536 Saraceni
916 3482 942 3547 5)
963 3479 1148 3544 Quamobrem

146 3549 172 3614 6)
193 3548 245 3600 sibi
263 3549 293 3600 in
311 3547 348 3600 M.
367 3565 422 3602 reo.
442 3549 541 3603 sumsit
614 3553 639 3618 7)
658 3551 744 3604 dabat
