2630 3916
167 166 209 228 22
583 163 748 218 ELOGIUM

166 309 268 372 fluxit.
312 307 415 390 Adeo,
443 307 519 390 quid
545 307 732 389 defendant,
760 329 826 371 non
852 309 1040 393 intelligunt
1068 309 1180 374 homi-

166 417 223 459 nes
246 395 357 478 inepti.

233 481 314 546 Sunt
346 482 418 564 alii,
450 482 612 546 faciliores
648 480 700 547 illi
732 483 861 565 quidem
897 484 932 546 in
966 483 1176 568 lectionibus,
1192 503 1237 550 55

167 592 248 653 quae
278 591 295 632 e
323 570 519 632 membranis
547 570 717 653 ducantur,
745 570 964 652 admittendis,
993 570 1048 634 sed
1073 572 1177 636 iidem

166 654 405 720 inOriticorum
414 657 690 721 emendationibus
705 657 881 740 probandis
891 657 1039 722 difficiles
1050 662 1082 722 et
1092 658 1177 724 duri.

167 744 230 820 Qui
253 765 333 825 cum,
356 743 498 826 periculo
522 744 618 823 facto,
641 742 845 829 senserint1),
869 767 903 808 se
926 766 991 809 non
1014 767 1084 810 esse
1107 767 1177 829 eos,

166 833 222 915 qui
245 832 280 894 in
302 831 416 894 critica
437 831 564 895 ratione
593 832 748 896 excellere
771 832 912 915 possint,
941 833 975 896 in
1002 855 1074 897 eam
1099 856 1177 915 par-

166 924 233 982 tem
262 917 460 1001 deferuntur,
492 925 529 982 ut
561 921 704 983 omnium
733 920 891 996 locorum,
924 916 1008 1006 qui²)
1039 921 1175 1004 ingenio

165 1009 345 1088 tententur,
374 1017 411 1069 se‘
431 1007 572 1071 vindices
595 1007 711 1070 ferant.
756 1007 804 1070 Ac
826 1007 1014 1071 temerarios
1043 1008 1176 1091 quidem

168 1094 396 1159 confidentium
418 1095 623 1176 ingeniorum
641 1095 780 1177 impetus
802 1093 946 1177 refutari,
964 1095 1176 1180 veterumque

167 1182 361 1264 scriptorum
396 1182 595 1245 monimenta
626 1186 714 1245 sarta
744 1185 832 1245 tecta
863 1184 1057 1266 conservari,
1091 1183 1176 1266 quis,

166 1269 222 1352 qui
248 1270 351 1332 bonas
379 1269 490 1332 literas
525 1272 623 1352 amet,
650 1290 717 1332 non
743 1268 950 1333 vehementer
979 1267 1176 1354 gaudeat³)‘?

168 1355 291 1421 Verum
313 1356 348 1420 in
369 1355 430 1420 hoe
453 1360 521 1419 tam
551 1357 685 1421 salutari
712 1357 862 1420 instituto
890 1357 1088 1441 frequentius
1116 1357 1175 1421 ob-

167 1444 329 1528 trectatio,
344 1465 441 1528 quam
460 1445 603 1527 aequitas
619 1447 652 1507 et
665 1444 734 1507 veri
752 1445 903 1527 studium,
916 1448 1072 1508 versatur.
1102 1443 1175 1508 Nee

167 1532 322 1596 obscurae
346 1535 421 1595 sunt
443 1532 522 1596 talis
545 1531 727 1615 iniquitatis
755 1553 894 1596 caussae.
939 1531 1037 1616 Nam,
1064 1535 1101 1597 ut
1123 1554 1176 1595 su·

166 1641 238 1683 mus
261 1618 418 1701 homines,
433 1621 553 1702 quanto
576 1619 804 1702 praestabilior
818 1623 850 1684 et
872 1620 978 1702 magis
994 1620 1224 1702 expetendaoa

166 1705 291 1788 ingenii
314 1706 384 1768 laus
408 1709 467 1788 est,
488 1710 580 1770 tanto
603 1707 780 1788 impensius
788 1703 814 1791 4)
838 1707 869 1770 ei
889 1707 1077 1771 invidemus.
1116 1706 1176 1770 Illi

166 1794 281 1878 igitur,
312 1815 384 1856 cum
411 1792 508 1856 facile
535 1794 685 1872 sentiant,
708 1790 822 1878 sese⁵),
849 1794 879 1856 si
905 1794 975 1857 laus
999 1793 1103 1857 omnis
1124 1794 1173 1856 in-

167 1881 255 1964 genii
278 1877 462 1964 felicitatis
486 1880 656 1962 tribuatur,
677 1881 794 1962 jacere,
818 1883 850 1942 et
866 1881 920 1943 vix
934 1880 1087 1944 honestos
1102 1901 1173 1944 esse

166 1989 269 2052 posse,
293 1968 405 2031 statim
428 1989 461 2031 se
485 1971 601 2050 parant
625 1967 665 2030 ad
688 1965 883 2030 Oriticorum
901 1967 1033 2031 inventa
1053 1968 1174 2031 ratiun-

167 2057 247 2121 culis
272 2056 463 2139 quibusdam
482 2055 700 2136 convellenda,
713 2055 898 2137 moliuntur,
913 2055 1038 2137 sudant,
1057 2055 1173 2118 misere

167 2167 200 2208 se
223 2147 389 2227 torquent,
416 2146 452 2206 ut
480 2143 551 2207 loco
581 2143 756 2224 depravato
784 2143 892 2224 potius
921 2142 1173 2224 qualemcunque

167 2253 296 2295 sensum
319 2231 487 2314 affingant,
511 2251 607 2312 quam
629 2229 708 2292 felix
731 2230 766 2292 in
783 2249 859 2292 vero
883 2230 1069 2310 reperiendo
1077 2226 1102 2314 ⁷)
1126 2229 1174 2292 in·

167 2319 298 2401 genium
324 2318 464 2380 laudent
508 2315 559 2379 Ex
586 2337 649 2400 qua
676 2315 872 2399 obloquendi
899 2316 1047 2400 libidine,
1074 2317 1175 2380 incre·

168 2405 269 2468 dibile
292 2403 380 2467 dictu
395 2408 453 2486 est,
476 2407 556 2486 quot
570 2424 668 2485 quam
689 2403 786 2467 durae
804 2407 837 2466 et
850 2407 1026 2468 contortae
1041 2405 1173 2468 vitioso·

166 2514 238 2557 rum
268 2493 413 2556 locorum
443 2491 727 2574 interpretationes
757 2492 934 2574 manarint;
962 2492 991 2555 si
1022 2493 1175 2574 interpre-

167 2580 309 2644 tationes
337 2579 489 2642 dicendae
517 2582 605 2658 sunt,
633 2599 714 2661 quae
744 2578 935 2660 scriptorem
961 2579 1174 2661 nescioquas

166 2668 308 2752 ineptias
331 2667 436 2729 dicere
459 2663 618 2751 cogant⁸).
663 2665 760 2729 Tales
782 2666 948 2748 vindicias,
970 2669 1097 2729 tantum
1121 2665 1175 2728 ab·

168 2760 247 2840 erat,
269 2759 306 2819 ut
328 2753 592 2818 Hemsterhusius
619 2753 786 2836 probaret,
812 2756 849 2816 ut
858 2749 884 2838 9)
906 2753 973 2840 illis
981 2751 1019 2839 ¹⁰)
1046 2751 1175 2815 doctam

169 2843 306 2908 aliorum
321 2842 489 2905 audaciam
501 2840 688 2924 praeferret.
716 2839 779 2904 Sed
793 2839 890 2923 longe
904 2841 1063 2922 optimum
1078 2845 1110 2904 et
1124 2844 1175 2902 tu·
1185 2860 1223 2908 57

167 2931 330 2996 tissimum
354 2929 515 3011 censebat,
536 2928 677 2992 medium
700 2928 804 3012 sequi,
830 2928 915 3010 quod
936 2931 1007 2991 tum
1035 2949 1055 2990 a
1075 2931 1176 2991 teme·

168 3020 276 3100 ritate,
299 3021 370 3081 tum
394 3039 414 3080 a
436 3016 665 3098 superstitione
689 3018 774 3078 esset
796 3015 984 3097 sejunctum.

235 3105 310 3169 Etsi
332 3125 406 3175 voro
419 3105 470 3168 vir
493 3123 640 3187 magnus,
662 3126 723 3167 usu
746 3124 903 3185 sensuque
923 3101 1064 3185 edoctus,
1086 3123 1177 3185 prae

241 3279 267 3346 1)
288 3276 341 3342 Qui
358 3277 407 3330 nbi
424 3277 548 3344 periculo
567 3275 697 3330 faciundo
716 3274 958 3344 deprehenderunt
1027 3275 1055 3340 2)
1074 3275 1107 3327 ut
1119 3289 1177 3327 om·

167 3349 255 3414 nium,
269 3362 340 3426 quae
404 3348 431 3411 3)
445 3362 501 3399 non
515 3341 883 3426 gaudeatvcbcmenterqne
896 3343 1036 3424 laetetur?
1090 3345 1116 3424 l)
1131 3358 1177 3396 ve·

169 3418 326 3470 hementrus
415 3416 442 3482 ὁ)
462 3431 519 3494 se·
580 3415 877 3494 6)fe1icrtat1mgenn
930 3411 1177 3493 'tlmvemendo

170 3485 357 3609 b{lnflcogtunt
400 3486 438 3620 49))
458 3483 606 3608 {ahbupdd
595 3484 723 3538 vindicus
745 3483 971 3536 Hemsterhusius
993 3484 1034 3534 ita
1057 3481 1178 3536 offende-

191 3571 207 3608 a
254 3573 299 3622 ,u
447 3569 533 3607 eram
608 3595 614 3606 .
689 3571 691 3578 ·
