2630 3916
360 167 362 172 ,
415 105 551 160 ‘l'IBERll
568 103 846 159 HEMSTERHUSII.
1112 104 1130 168 7

121 249 320 315 Academiae
329 247 563 334 Groninganae,
574 255 606 314 et
614 248 912 336 praestantissimos
923 247 1131 330 quosquebo·

122 361 243 403 narum
266 337 385 402 artium
408 338 581 421 magistros
605 333 765 401 audiebat.
889 391 891 394 ,

122 485 127 490 .
196 423 344 490 Socrates
374 425 457 507 apud
479 424 649 489 Platonem
677 425 785 488 omnia
811 423 978 505 praeclara
1004 423 1043 486 de
1065 421 1132 487 Iso-

124 516 216 577 crate
241 512 442 576 adolescente
465 517 656 596 auguratur,
679 512 764 595 quod
786 514 903 578 natura
924 509 1132 592 philosoph-ia

122 600 289 684 quaedam
309 599 430 663 inesset
457 600 493 664 in
520 600 585 682 ejus
613 604 731 663 mente.
776 597 983 662 Simillimam
1010 595 1132 661 Isocra·

122 689 212 752 ticae
240 686 382 751 indolem
408 685 549 752 Joannes
581 686 801 766 Bernoulllus,
827 684 1132 748 Mathematicorum

124 777 226 858 longe
249 765 412 858 princeps,
433 775 469 838 in
490 773 736 838 Hemsterhusio
760 773 1013 854 adolescentule,
1036 773 1132 835 simul

125 867 225 946 atque
245 883 319 926 eum
336 862 593 944 indisciplinam
609 858 815 945 receperat1),
838 859 1046 942 sagacissime
1064 881 1132 943 per·

74 949 244 1032 aospexit.
293 947 447 1033 Iccirco²)
478 949 562 1013 nihil
598 949 761 1032 antiquius
798 947 925 1029 habuit,
964 969 1060 1030 quam
1097 953 1133 1010 ut

124 1037 351 1120 philosophiae
370 1037 503 1118 semina,
526 1058 606 1119 quae
625 1037 660 1100 in
682 1037 748 1118 ejus
767 1039 876 1100 mente
893 1034 1043 1116 laterent,
1059 1056 1132 1116 pro-

124 1125 249 1205 liceret,
272 1127 304 1186 et
322 1128 411 1187 recta
434 1123 559 1187 cultura
582 1123 732 1188 firmaret.
776 1122 845 1187 Nec
868 1121 1131 1186 Hemsterhusius

126 1210 308 1276 Bernoullii
339 1210 510 1294 augurium
541 1210 667 1279 fefellit
715 1209 802 1275 Nam
837 1214 931 1274 tanta
969 1209 1135 1274 celeritate

127 1299 280 1362 altiorem
290 1297 509 1362 Geometriam
517 1301 669 1382 percepit,
679 1301 713 1362 et
722 1298 757 1362 in
765 1298 897 1364 intimos
907 1296 1133 1379 philosophiae

126 1407 271 1451 recessus
284 1387 490 1467 penetravit,
517 1391 554 1450 ut
576 1406 631 1450 ma
654 1387 733 1450 ister
763 1385 935 1465 fateretur,
963 1407 1011 1467 se,
1039 1405 1133 1467 quem

128 1495 203 1538 cum
225 1495 261 1536 eo
286 1477 496 1555 compararet,
518 1474 604 1536 inter
626 1406 801 1554 discipulos
824 1471 943 1534 habere
964 1473 1134 1540 neminem.

127 1559 239 1642 Atque
261 1558 348 1623 haud
371 1564 447 1642 scic,
471 1582 512 1624 an
534 1560 672 1622 multum
694 1558 859 1640 fallamur,
888 1558 917 1621 si
944 1559 1028 1622 altos
1057 1559 1133 1626 illos

129 1651 164 1710 et
182 1645 374 1730 magnificos
397 1647 437 1710 de
459 1648 553 1710 rebus
568 1647 684 1711 divinis
707 1646 922 1728 humanisque
933 1667 1055 1728 sensus,
1079 1647 1135 1729 qui

128 1738 244 1816 postea
267 1755 301 1798 se
325 1733 474 1799 omnibus
497 1733 737 1798 Hemsterhusii
765 1733 859 1797 dictis
882 1732 1040 1816 factisque
1062 1755 1134 1817 pro·

128 1823 284 1904 tulerunt,
315 1841 468 1905 magnam
499 1827 627 1905 partem
654 1845 674 1887 a
703 1821 936 1886 Barnoulliana
964 1821 1136 1903 disciplina

128 1913 322 1992 repetemus.
366 1909 441 1992 Ipse
465 1910 602 1994 quidem,
625 1909 848 1973 Bernoullium
872 1908 980 1971 divino
1003 1929 1135 1973 munere

130 1997 195 2060 sibi
216 2000 457 2078 praeceptorem
484 1997 655 2079 obtigisse,
683 2019 754 2060 cum
777 1995 909 2078 gaudio,
937 1996 1021 2078 quod
1043 1997 1135 2061 vultu
1169 2051 1172 2054 .

131 2087 164 2146 et
183 2082 284 2146 oculis
307 2083 505 2166 proderetur,
527 2084 623 2146 fateri
646 2084 780 2146 solebat.

86 2186 118 2234 21
197 2169 250 2233 Ita
272 2191 345 2234 cum
367 2170 492 2254 aliquot
514 2192 615 2234 anuos
639 2170 800 2253 exegisset
826 2169 863 2233 in
884 2168 1059 2234 Academia
1079 2194 1135 2253 pa·¹

131 2255 238 2342 tria³),
255 2256 389 2322 Laidem
403 2257 501 2340 venit,
519 2257 675 2322 invitatus
693 2258 863 2341 praecipue
881 2255 1000 2342 fama4)
1019 2257 1136 2322 Jacobi
1251 2289 1255 2294 ·

131 2345 300 2427 Perizonii,
323 2346 470 2428 quicum
493 2349 613 2410 ceteras
629 2345 845 2410 humanitatis
868 2349 977 2428 partes
997 2346 1136 2428 egregie,

132 2437 201 2496 tum
233 2433 575 2509 veteremhistoriam
609 2433 804 2516 elegantius,
836 2453 934 2516 quam
966 2433 1135 2516 quisquam

132 2525 206 2584 aute
229 2541 311 2602 eum,
332 2517 524 2604 tradebat5).
567 2519 684 2585 Leidee
711 2525 782 2584 tum
811 2541 888 2584 casu
911 2519 1050 2602 quodam
1073 2519 1135 2585 dis-

128 2606 207 2690 jecti
225 2610 317 2694 erant
334 2606 483 2690 publicae
497 2605 721 2672 Bibliothecae
739 2605 874 2672 Codices
893 2604 985 2671 MSS.
1011 2607 1137 2674 Horum

133 2694 167 2757 in
189 2695 335 2758 ordinem
356 2694 605 2776 redigendorum
628 2716 704 2759 cura
727 2695 767 2758 ab
791 2693 985 2758 Academiae
1005 2692 1137 2758 Curato-

133 2781 221 2844 ribus
244 2779 453 2845 demandatm
474 2781 731 2846 Hemsterhusio.
767 2781 859 2857 Quod
882 2779 1075 2846 (iuratorum
1097 2783 1136 2848 de

133 2867 259 2930 tantulo
288 2867 489 2931 adolescente
512 2868 669 2951 judicium
695 2874 765 2933 tam
791 2869 869 2932 felis
898 2889 992 2932 omen
1021 2869 1055 2933 in
1081 2891 1137 2952 po-

135 2958 255 3019 sterum
276 2958 404 3037 tempus
423 2954 571 3036 faciebat,
593 2959 630 3020 ut
652 2977 747 3020 nemo
767 2977 848 3019 unus
868 2956 1040 3039 dubitaret,
1060 2958 1138 3040 quin

135 3043 161 3106 is
184 3041 360 3125 aliquando·
374 3040 497 3107 Jacobo
516 3041 679 3107 Gronovio
703 3045 737 3106 in
755 3041 951 3106 Graecarum
969 3043 1137 3108 literarum

134 3126 337 3194 Professione
369 3150 571 3194 successurus
602 3139 696 3194 esset.
746 3129 881 3213 Verum,
913 3135 1047 3194 vacante
1078 3131 1136 3199 illa

204 3351 231 3423 1)
249 3355 400 3423 recepisset
487 3357 514 3422 2)
533 3355 631 3423 Itaque
737 3356 764 3422 3)
783 3371 870 3409 annos
887 3354 916 3408 in
935 3357 968 3408 A.
986 3373 1013 3424 p.
1033 3357 1138 3425 exegis-

136 3424 177 3476 set
263 3425 289 3490 4)
308 3424 415 3492 inclyta
432 3423 508 3478 fama
597 3426 624 3492 ὅ)
644 3425 755 3494 egregie
773 3425 909 3492 tradebat,
928 3427 989 3478 tum
1007 3443 1032 3480 v.
1051 3426 1136 3480 histo·

136 3492 204 3548 riam·
220 3492 269 3562 sic,
287 3493 358 3548 nihil
376 3496 408 3546 ut
426 3511 509 3564 supra
526 3495 586 3548 fieri
604 3511 685 3564 posse
703 3493 850 3548 videretur.
