2630 3916
84 161 86 166 ’
180 164 203 227 4
600 163 766 218 aposlum

182 307 322 386 facultas
346 307 452 372 varias
475 307 633 390 imagines
657 309 731 370 ante
753 306 897 388 haustas,
920 329 1001 390 quae
1024 308 1065 371 ad
1086 308 1190 371 talem
1204 304 1245 350 12

182 396 290 460 locum
309 395 538 477 expediendum
557 395 816 458 accommodatae
834 395 1010 478 videantur,
1029 395 1059 458 ei
1078 395 1191 459 celeri-

182 487 233 546 ter
251 487 283 546 et
301 483 493 564 intempore
507 481 614 545 offert:
633 481 745 564 altera,
764 482 840 564 quid
853 503 904 546 res
922 482 1075 565 postulet,
1090 486 1189 566 atque

183 571 272 652 adeo,
294 569 370 653 quid
393 591 432 633 ex
454 569 601 651 pluribus
623 569 804 634 simulacris
828 570 933 633 animo
956 569 1053 634 simul
1076 570 1190 634 obver-

184 658 330 722 santibus
354 657 558 739 deligendum
582 657 634 738 sit,
657 656 768 721 eadem
786 655 951 720 celeritate
969 658 1057 722 videt
1079 679 1116 720 ac
1134 657 1188 720 de-

184 746 294 810 cernit.
343 743 434 826 Ergo
466 743 578 808 critica
613 744 663 807 vis
700 744 838 808 maxime
869 744 1032 826 judicatur
1067 744 1187 808 mentis

184 833 358 914 celeritate,
381 853 477 914 quam
491 829 606 896 Graeci
627 825 801 913 ἀγχίνοιαν
821 834 854 894 et
871 826 1055 914 εὐστοχίαν,
1076 830 1188 896 Latini

183 921 388 1002 sauciatam,
409 919 585 1000 sollertium,
606 919 723 1000 lupercii
743 919 919 998 felicitatem
937 923 1061 983 vocant.
1096 919 1188 984 Haec

184 1013 292 1073 autem
321 1007 481 1090 sagacitas
514 1027 580 1070 non
607 1005 641 1070 in
667 1005 808 1071 hominis
839 1010 1001 1089 potestate
1029 1010 1093 1089 est,
1121 1029 1188 1071 non

184 1095 300 1178 studio,
323 1095 443 1180 labore,
466 1093 694 1159 exercitatione
718 1099 931 1176 comparatur,
954 1094 1009 1158 sed
1030 1117 1139 1158 rarum
1153 1099 1187 1160 et

184 1181 347 1266 singulare
370 1204 484 1246 munus
509 1185 559 1245 est
580 1182 675 1245 unius
697 1186 832 1245 naturae
858 1181 1019 1264 fautricis3
1047 1182 1185 1265 licetque

184 1271 276 1351 adeo,
304 1270 401 1352 quod'
411 1269 614 1333 Democritus
643 1268 681 1332 de
708 1269 811 1333 Poeta
837 1269 932 1352 dixit,
961 1270 1000 1332 ad
1030 1267 1206 1335 Criticum,

183 1357 373 1422 transferre:
397 1356 529 1422 Celticus
550 1377 613 1421 noa
634 1358 678 1439 fit,
700 1357 753 1421 sed
772 1357 918 1421 nasetur.
959 1354 1033 1440 Tali
1055 1358 1185 1440 ingenio

183 1445 324 1528 praediti
347 1466 419 1510 cum
441 1465 572 1527 perraro
597 1444 791 1527 exoriantur,
813 1465 880 1508 non
901 1444 1018 1508 mirum
1041 1445 1096 1528 sit,
1118 1466 1184 1508 ma—

184 1553 281 1617 gnam
305 1533 530 1597 excellentium
553 1529 748 1596 Oriticorum
775 1535 807 1596 et
829 1553 913 1596 nune
937 1554 1018 1615 esse,
1046 1536 1079 1595 et
1106 1554 1184 1596 sern-

182 1643 241 1703 per
258 1620 357 1684 luisse
376 1621 571 1703 paucitatem
578 1617 611 1705 ¹).
652 1619 745 1695 Quod
761 1641 838 1684 vero
856 1620 1002 1702 diximus,
1020 1619 1184 1703 ingenium
1195 1632 1229 1678 13

182 1709 243 1772 hac
275 1708 309 1771 in
336 1729 369 1770 re
399 1707 472 1789 plus
502 1707 622 1806 valere,
650 1729 747 1789 quam
774 1711 878 1770 artem
907 1728 944 1771 ac
972 1707 1184 1790 disciplinam,

182 1796 245 1860 hoc
268 1799 458 1878 argumento
480 1793 622 1876 intelligi
648 1797 765 1875 potest.
809 1793 922 1876 Multi,
950 1791 1068 1879 iiquel)
1095 1816 1184 1877 prae·

176 1883 357 1948 'clarissimi
379 1882 454 1965 viri,
478 1902 550 1945 cum
578 1881 758 1945 studiorum
780 1878 941 1966 genere3),
968 1881 1008 1946 ad
1036 1881 1120 1964 quod
1142 1881 1182 1947 ab

183 1973 254 2054 ipsa
271 1974 386 2034 natura
404 1965 676 2054 deducerentur4),
693 1968 816 2051 relicto,
835 1991 869 2034 se
887 1967 1095 2033 ad'Oriticam
1113 1991 1183 2033 con·

183 2060 343 2141 tulissent,
366 2057 544 2122 eruditione
568 2057 639 2139 sibi,
663 2057 747 2140 quod
769 2061 886 2121 natura
903 2060 1048 2140 negarat,
1070 2078 1183 2139 parare

183 2147 291 2213 conati
314 2143 429 2229 sunu),
452 2145 636 2229 ingeniique
653 2145 817 2227 vicarium,
836 2145 1007 2209 artificium
1026 2144 1184 2226 quoddam

183 2238 410 2298 assumserunt.
455 2232 598 2308 Quorum
625 2236 773 2313 conatus,
799 2230 869 2295 noli
896 2252 1060 2312 quaerere,
1088 2252 1183 2314 quani

182 2321 357 2385 infeliciter
389 2319 529 2383 cesserit.
580 2319 706 2394 Quanta
740 2317 944 2398 eruditionis,
978 2316 1017 2379 de
1053 2315 1182 2380 Graecis

182 2408 326 2472 fontibus
342 2407 464 2489 ductae,
478 2406 572 2488 copia
589 2406 687 2470 fauerit
700 2407 735 2469 in
747 2404 769 2468 J
771 2427 798 2468 ο.
808 2402 948 2468 Meursio
963 2407 995 2466 et
1008 2402 1063 2466 Ea.
1083 2401 1183 2486 Span-

182 2496 304 2578 h‘emio,
339 2515 433 2558 nemo
471 2493 615 2576 ignorat,
642 2493 706 2557 nisi
736 2493 791 2575 qui
824 2492 927 2573 ipsam
957 2490 1183 2575 antiquitatem

185 2581 339 2646 Graecam
370 2582 510 2664 ignoret.
553 2579 600 2643 At
625 2580 677 2644 illi
705 2581 780 2662 ipsi,
807 2600 879 2642 cum
905 2578 971 2642 vim
998 2577 1102 2642 facere
1131 2602 1183 2644 na·
1265 2622 1269 2631 ·

183 2675 284 2753 turae,
298 2673 331 2732 et
345 2667 500 2733 Oriticam
519 2687 663 2732 exercere
677 2668 861 2750 instituunt,
888 2688 983 2748 quam
998 2671 1073 2730 sunt
1095 2667 1184 2730 dissi·

183 2758 277 2821 miles
301 2757 371 2821 suit.
399 2755 471 2820 Duo
485 2755 758 2838 praestantissimi
780 2754 851 2838 viri,
864 2753 904 2818 N.
918 2753 1081 2836 Heinsius,
1103 2757 1135 2818 et
1148 2752 1182 2817 P.

183 2845 405 2927 Burmannus,
433 2865 526 2907 omne
553 2843 694 2906 studium
726 2863 818 2906 suum
854 2843 888 2905 in
918 2841 1028 2904 Poetis
1059 2839 1181 2914 Latinis

184 2932 658 3084 tdttltttttitnt
674 2928 1182 3080 ttrdfftttttttttdl
1193 2930 1224 2977 ¹4
1290 3043 1291 3066 ,

184 3042 278 3170 Altldr
299 3107 400 3191 igitur
417 3105 592 3170 Poetarum
606 3103 795 3168 Latinorum
810 3103 985 3185 sospitator
1007 3102 1112 3166 dictus
1127 3107 1182 3184 est,
1290 3077 1291 3128 l

185 3194 268 3257 alter
290 3215 356 3257 non
377 3193 485 3275 potuit
508 3193 543 3256 in
563 3194 674 3255 tantae
698 3190 821 3274 gloriae
845 3190 1032 3253 societatem
1050 3190 1166 3254 venire.
1290 3143 1291 3228 l

256 3418 282 3484 1)
303 3415 476 3498 promantur,
512 3415 574 3482 quis
610 3414 736 3481 miretur,
777 3429 906 3482 magnam
936 3444 969 3454 -
996 3413 1181 3482 paucitatem?

255 3488 282 3554 2)
300 3501 375 3552 nque
393 3500 442 3538 om.
497 3485 524 3551 3)
543 3499 643 3553 genere
661 3500 694 3538 eo
765 3486 792 3551 4)
811 3483 1017 3538 deducebantur
1078 3483 1105 3548 o)
1124 3498 1181 3534 eru·

185 3555 289 3609 ditione
308 3555 361 3608 sibi
379 3569 478 3622 parare
497 3571 521 3608 c.
541 3556 611 3620 sunt,
630 3553 749 3622 quoda
767 3555 892 3622 negarat,
