2630 3916
150 131 195 195 24
569 134 735 190 ELOGIUM

36 282 39 286 '
150 275 391 340 Hemsterhusii
422 277 629 362 discipulum,
659 277 694 341 L.
724 275 758 343 Ο.
785 277 1045 343 Valckenarium.
1093 277 1165 342 Hic

153 364 253 448 enim,
286 385 382 448 quam
418 386 438 428 a
473 367 628 448 magistro
666 367 791 448 accepit
831 365 1048 450 disciplinam,
1083 369 1162 430 ante

151 450 383 535 Francquerae,
391 474 476 516 nunc
488 452 616 536 Leidae,
625 455 673 518 ita
686 457 795 518 tuetur
805 456 837 518 et
846 457 1009 537 propagat
1017 453 1160 536 ingeniis

152 539 291 604 feliciter
313 537 505 623 formandis,
527 543 576 624 ut,
598 540 844 606 Hemsterhusio
868 542 906 604 de
929 541 998 604 vita
1020 540 1161 622 sublato,

152 649 316 710 nunquam
334 626 474 692 defuturi
497 628 571 710 sint,
594 630 650 713 qui
671 629 784 693 literas
801 627 1092 692 Hemsterhusiana
1109 649 1160 692 ra·
1172 639 1217 688 60

152 715 242 779 tione
265 714 383 778 colant.
418 714 481 778 Hic
504 716 670 800 utriusque
693 717 825 800 linguae
849 716 1042 798 analogiam,
1061 736 1160 798 quam

153 803 203 866 vir
225 801 420 867 immortalis
443 803 603 885 impertiit
626 804 753 887 quidem
776 804 952 887 discipulis,
975 803 1030 866 sed
1053 803 1158 866 literis

154 891 306 954 mandare
324 889 478 973 neglexit,
501 891 548 954 ita
566 893 657 974 quasi
679 914 737 975 per
759 913 872 956 manus
891 891 991 955 tradit
1010 891 1094 973 aliis,
1112 893 1159 972 ut,

154 979 253 1042 ctiam
280 978 424 1042 sinemo
451 978 543 1041 illam
564 979 668 1043 literis
691 979 820 1063 prodat,
847 981 958 1043 tamen
986 978 1026 1041 ad
1054 999 1159 1042 seram

152 1065 380 1148 posteritatem
403 1069 598 1149 perventura
619 1067 775 1131 rideatur.
1107 1095 1115 1103 ·

220 1153 495 1229 Quemadmodum
517 1175 593 1218 vero
617 1154 690 1218 aliis
713 1155 897 1236 disciplina,
920 1155 966 1219 sic
989 1154 1064 1218 aliis
1087 1175 1159 1236 pro-

153 1240 216 1305 fuit
239 1241 362 1304 salubri
384 1241 519 1305 consilio
534 1241 776 1324 suppeditando.
806 1241 961 1306 Libenter
974 1245 1007 1305 et
1020 1243 1159 1324 ingenue

153 1328 249 1392 fateri
271 1328 398 1392 solebat
420 1328 470 1391 vir
494 1350 646 1411 summus,
663 1330 700 1393 Ρ.
717 1329 964 1412 Wcsselingius,
986 1329 1072 1393 hunc
1095 1328 1159 1392 sibi

154 1416 333 1480 studiorum
361 1420 447 1480 recte
478 1416 750 1481 instituendorum
782 1419 946 1481 auctorem
972 1416 1080 1480 fuisse.
1125 1414 1158 1478 Is

153 1503 398 1569 Hemsterhuaio
423 1503 549 1586 collega
576 1504 683 1588 datus,
712 1525 779 1568 non
799 1504 890 1586 prius
913 1503 1159 1587 Franequeram,
1305 1566 1306 1590 ,

154 1612 251 1674 quarn
273 1591 309 1654 in
331 1591 481 1655 intimam
504 1591 573 1673 ejus
597 1591 774 1656 amicitiam
796 1591 899 1654 venit:
930 1613 1011 1675 quae
1039 1614 1077 1655 cx
1098 1590 1184 1672 illo,
1306 1638 1307 1660 ,

153 1681 381 1760 temporetam
396 1682 504 1742 sancte
519 1683 552 1742 et
566 1683 752 1743 constanter
770 1679 858 1743 culta
873 1682 931 1762 cst,
945 1679 999 1742 vix
1012 1683 1049 1743 ut
1071 1677 1158 1742 aliud

153 1788 215 1848 par
242 1765 420 1830 amicorum
443 1766 645 1848 conjunctius
668 1766 795 1830 vixerit
815 1765 918 1829 'Erat
941 1767 1010 1849 jam
1032 1769 1101 1828 tum
1123 1764 1159 1828 in

153 1852 374 1935 Wesselingio
389 1872 507 1936 magna
522 1856 554 1916 et
567 1853 750 1918 incredibili
764 1853 870 1916 stradio
884 1856 980 1935 parta
994 1852 1159 1916 doctrinae
1169 1863 1205 1911 61

154 1941 259 2024 copia,
283 1940 339 2004 sed
362 1961 492 2004 aversus
520 1963 540 2004 a
563 1941 675 2006 critica
703 1941 829 2006 ratione
856 1941 992 2004 animus.
1035 1937 1158 2003 Verum
1310 1943 1311 1946 ’

154 2051 226 2093 curn
248 2027 513 2092 Hemsterhusius
537 2028 568 2092 ei
590 2028 711 2093 crebris
729 2027 930 2092 sermonibus
944 2027 1159 2090 demonstras·

154 2119 212 2198 set,
234 2116 359 2179 nullam
382 2116 601 2198 eruditionem,
624 2117 770 2200 quamvis
794 2116 918 2180 variam
932 2118 965 2178 et
987 2115 1159 2198 copiosam,

91 2269 99 2276 ,
154 2225 224 2268 esse
247 2225 357 2267 veram
380 2207 413 2267 et
432 2207 614 2268 accuratam
638 2204 707 2267 sine
730 2203 844 2267 critica
861 2201 1034 2286 disciplina
1055 2223 1159 2285 posse,

153 2295 258 2354 totam
272 2291 452 2354 studiorum
465 2291 626 2353 rationem
643 2291 864 2373 commutavit,
879 2293 911 2353 et
925 2289 1071 2372 postilla
1085 2291 1159 2372 ipsa

154 2382 237 2459 arte,
265 2399 362 2461 quam
389 2380 463 2440 ante
491 2376 615 2460 oderat,
646 2397 765 2441 nomon
796 2399 890 2442 suum
917 2375 1159 2440 immortalitati

45 2461 48 2466 ’
154 2464 399 2530 commendavit.

219 2551 335 2616 Paullo
359 2552 433 2615 ante
460 2551 498 2614 de
526 2573 564 2616 ca
586 2549 722 2616 Critices
745 2557 852 2637 parte,
879 2574 959 2637 quae
986 2551 1021 2615 in
1048 2543 1157 2634 depra-

154 2639 239 2704 vatis
263 2638 460 2722 corrigendis
483 2643 644 2723 versatur,
673 2644 829 2723 quantum
856 2640 937 2704 satis
966 2642 1029 2721 est,
1051 2638 1159 2721 dispu-

153 2728 293 2792 tavimus
301 2723 334 2811 ¹).
384 2724 447 2791 Sed
482 2727 624 2809 ejusdem
660 2727 759 2792 ctiam
795 2728 875 2792 artis
912 2729 975 2804 est,
1011 2728 1158 2789 veterum

154 2816 349 2897 scriptorum
375 2813 527 2878 obscuros
556 2835 668 2879 sensus
696 2816 835 2898 aperire:
862 2815 897 2878 in
924 2834 1001 2897 quo,
1028 2815 1158 2896 praeter

153 2903 220 2967 vim
247 2901 425 2984 judicandi,
455 2901 595 2966 maxime
628 2902 769 2967 cernitur
800 2903 861 2966 illa
892 2901 993 2965 nullis
1025 2900 1157 2964 eircum-

154 2990 276 3073 scripta
296 2985 477 3074 terminis²)
500 2989 647 3054 eruditio.
691 2987 730 3052 In
756 2990 818 3054 hac
840 2984 981 3071 autem³)
1004 2988 1159 3068 interpre-

153 3079 243 3142 tandi
265 3077 399 3159 ratione,
422 3098 606 3160 quanquam
629 3076 693 3142 alio
712 3078 817 3160 modo,
840 3098 906 3141 non
924 3074 1030 3138 minus
1050 3074 1158 3156 vulgo,

155 3187 252 3249 quam
275 3166 310 3228 in
331 3164 390 3227 illa
413 3164 611 3248 emendandi,
632 3167 791 3246 peccatur.
823 3162 925 3248 Saepe
949 3160 1203 3226 etHemster-ec

152 3252 240 3317 husii
262 3256 295 3316 et
308 3251 446 3316 aliorum
460 3252 608 3335 querelas
622 3251 812 3336 audivimus,
825 3273 898 3316 cum
911 3250 1062 3331 dicerent,
1084 3248 1159 3312 scri-

225 3459 252 3528 1)
270 3458 369 3512 Paullo
389 3459 461 3524 ante,
480 3459 615 3524 qnantum
634 3457 702 3511 satis
721 3459 771 3523 est,
786 3455 905 3510 diximus
924 3456 958 3509 de
977 3471 1012 3509 ea
1030 3454 1058 3508 0.
1076 3473 1113 3524 p,
1131 3471 1159 3524 q.

152 3526 171 3581 i.
190 3527 217 3581 d.
237 3545 259 3582 c.
278 3531 412 3581 versatur.
487 3527 515 3594 2)
533 3527 658 3580 terminis
678 3525 886 3593 circumscripta
977 3526 1004 3591 3)
1023 3539 1088 3578 vero
