2630 3916
416 160 552 214 TIBERII
569 161 849 216 HEMSTERHUSH.
1097 161 1139 224 29

123 324 242 388 noque
268 324 379 367 veram
406 304 599 387 sapientiam
626 304 699 368 inde
727 304 789 367 sibi
816 304 1036 376 hauriendam*
1049 305 1139 370 duce·

124 393 200 456 bat.
238 389 287 453 Ac
309 411 435 455 morum
459 393 586 474 quidem
603 396 756 456 venustas
778 413 845 455 non
867 393 973 457 solum
995 413 1053 476 per
1071 394 1139 476 ejus

74 479 237 542 '12libros
261 477 334 542 fusa
357 481 415 562 est,
439 479 494 542 sed
517 479 617 542 etiam
639 479 674 542 in
692 479 903 563 sermonibus,
926 480 1142 563 omnibusque

127 567 221 629 vitae
244 565 426 628 actionibus
441 566 488 631 ita
510 566 648 648 lucebat,
670 568 795 630 utnon
817 570 886 631 tam
912 567 978 630 sibi
991 571 1024 631 et
1037 566 1139 632 Musis

129 653 268 734 vixisse,
300 673 397 736 quam
428 653 513 718 inter
543 653 727 718 fortunatos
757 653 933 736 beatosque
941 651 965 739 1)
992 653 1139 719 homines

130 742 275 804 aetatem
304 739 410 822 egisse
436 740 607 805 videretur.
653 739 763 804 Sermo
790 741 963 806 familiaris
987 742 1050 806 etsi
1071 745 1140 806 tam

131 829 303 891 accuratus
319 829 352 890 et
366 827 508 891 eruditus
532 831 610 910 erat,
624 830 661 890 ut
683 827 874 892 meditatum
888 829 1019 912 diceres,
1029 833 1141 894 tamen

129 912 217 978 nihil
240 912 383 979 habebat
401 914 616 979 affectationis
638 915 804 980 molestae.
839 915 942 979 Immo
964 916 1045 980 haec
1068 937 1140 1000 gra·

130 1001 219 1064 vitas
242 1001 486 1083 temperabatur
506 1002 689 1067 incredibili
710 1001 923 1068 humanitatis
937 1002 1140 1068 festivitatis·

132 1109 195 1171 que
210 1089 423 1152 condimento.
452 1088 538 1153 Nam
552 1093 585 1153 et
599 1090 668 1173 ipse
681 1093 816 1154 naturae
826 1090 858 1154 vi
871 1089 1057 1155 abundabat
1071 1092 1139 1155 sale

132 1179 230 1258 atque
244 1173 472 1262 urbanitate),
486 1182 520 1241 et
532 1181 699 1261 praeterea
713 1198 840 1241 omnem
854 1177 1001 1261 leporum
1011 1182 1044 1242 et
1057 1178 1140 1242 face·

131 1263 254 1326 tiorum
271 1263 384 1326 florem
399 1285 437 1327 ex
452 1265 594 1348 antiquis
618 1267 650 1327 et
668 1265 760 1328 novis
775 1264 985 1348 scriptoribus
1009 1267 1140 1330 libarat.

132 1348 247 1432 Itaque
270 1349 325 1414 vix
347 1350 509 1415 alium‘ex
532 1351 730 1416 eruditorum
750 1351 859 1415 ordine
881 1353 1028 1436 vidimus,
1051 1354 1138 1435 cujus

132 1437 331 1501 consuetudo
355 1460 374 1501 a
396 1438 596 1522 principibus
625 1439 723 1504 etiam
750 1439 828 1502 viris
856 1437 1065 1526 impensius⁸)
1089 1462 1140 1504 ex·

131 1527 306 1608 peteretur.
355 1523 431 1589 Non
469 1525 570 1589 habet
605 1525 713 1608 patria
748 1545 895 1608 proceres
934 1525 1139 1610 illustriores,

132 1611 367 1695 prudentiores,
386 1615 419 1675 et
441 1612 535 1676 bonis
559 1612 682 1676 artibus
698 1611 737 1675 ad
760 1633 888 1676 omnem
901 1613 1139 1679 humanitatem

7 1765 9 1794 ι
85 1714 123 1762 us
133 1699 239 1782 magis
264 1698 418 1780 excultos,
442 1720 538 1781 quam
559 1699 686 1781 fratres,
709 1697 919 1764 Guilielmum
942 1704 974 1764 et
989 1699 1139 1767 Carolum

7 1799 9 1866 ζ
133 1783 354 1849 Bentinckios.
398 1785 500 1870 Atqui
533 1786 584 1849 illi
610 1786 707 1851 fateri
741 1790 774 1850 et
802 1809 880 1870 prae
895 1783 937 1851 'se
963 1787 1048 1853 ferre
1074 1812 1140 1854 non

7 1889 8 1894 ’
133 1873 296 1954 dubitant,
320 1893 354 1936 se
377 1894 555 1956 nunquam,
582 1874 648 1937 nisi
674 1873 824 1938 meliores
852 1875 961 1958 aliqua
986 1881 1079 1958 parte
1107 1882 1140 1942 et

7 1969 8 1984 ¹
134 1959 308 2041 doctiores,
340 1960 381 2024 ab
413 1959 658 2024 Hemsterhusio
695 1960 890 2025 discessisse.
938 1961 987 2026 Ac
1022 1966 1139 2048 nescio,

134 2047 290 2130 majorine
323 2047 447 2131 gloriae
481 2048 525 2110 sit
551 2045 814 2129 Hemsterhusi0,
843 2047 1044 2113 Bentinckiis
1071 2052 1162 2134 pla·

134 2135 251 2216 cuisse,
284 2155 326 2196 an
356 2133 572 2214 Bentinckiis,
607 2131 844 2197 Hemsterhusii
878 2134 1015 2199 virtutes
1047 2138 1140 2202 intel-

135 2221 261 2285 lexisse.

199 2308 337 2372 Animus
361 2309 429 2391 ejus
448 2312 527 2392 erat,
550 2309 679 2391 qualem
702 2330 772 2373 esse
790 2307 996 2395 oportebat4)
1018 2314 1071 2379 rot
1091 2335 1139 2378 sa·

134 2396 281 2479 pientum
299 2396 482 2480 praeceptis
506 2393 783 2481 conformatum5),
806 2396 899 2460 unius
918 2419 1012 2463 verae
1041 2403 1073 2463 et
1091 2423 1140 2464 so·

135 2481 220 2547 lidae
253 2482 384 2547 virtutis
416 2483 605 2565 admirator,
633 2486 814 2548 contemtor
842 2505 950 2548 rerum
981 2485 1139 2551 fluxarum

137 2573 169 2633 et
187 2569 369 2634 humilium.
400 2568 541 2635 Roboris
556 2574 712 2653 quantum
734 2570 769 2634 in
792 2591 829 2635 eo
843 2570 949 2654 fuerit,
972 2571 1033 2636 hoc
1046 2575 1139 2639 docu-

136 2660 244 2722 mento
279 2676 471 2739 cognoscere
507 2658 591 2722 licet.
636 2656 807 2722 -Venerant
844 2657 883 2720 ad
920 2680 992 2722 eum
1023 2659 1139 2725 Frene-

137 2764 267 2827 queram
289 2744 485 2808 nobilissimi
508 2766 525 2808 e
547 2745 702 2829 primaria
729 2747 825 2828 gente
847 2743 1057 2811 Wassenaria
1083 2748 1140 2812 ho·

91 2832 249 2914 sospites,
271 2829 531 2896 biduumhilare
554 2833 701 2898 sumturi.
736 2829 819 2896 Oum
842 2852 952 2896 omnes
975 2835 1139 2900 accubuis-

138 2922 222 3001 sent,
253 2917 370 2983 animis
403 2918 442 2982 al
469 2919 629 2984 laetitiam
661 2919 821 3002 remissis,
854 2939 939 3003 ecce,
970 2921 1074 2984 literis
1101 2923 1140 2986 fit

137 3005 263 3089 certior,
286 3004 390 3070 filium
413 3027 556 3071 summae
580 3007 658 3090 spei,
680 3005 855 3089 Jacobum,
879 3007 934 3090 qui
957 3007 1021 3071 sibi
1043 3009 1139 3074 decus

138 3113 176 3155 ex
198 3092 319 3157 militia
339 3093 451 3157 navali
472 3093 619 3176 petebat,
647 3093 760 3177 procul
783 3116 803 3158 a
824 3092 933 3178 patria
955 3099 1059 3159 morte
1082 3097 1140 3160 im-

137 3177 296 3264 matura⁸)
329 3180 474 3274 periisse.
524 3179 608 3256 Quid
635 3181 714 3244 ille?
754 3178 858 3245 Vultu
893 3180 977 3246 nihil
1013 3186 1138 3249 mutato

208 3403 234 3471 1)
253 3405 282 3457 et
298 3404 395 3458 beatos
485 3407 512 3473 2)
530 3406 589 3475 ipse
612 3404 670 3458 sale
694 3405 776 3472 atque
799 3404 957 3458 urbanitate
980 3404 1141 3459 abundabat

140 3469 265 3540 [naturae
283 3473 312 3526 vi
329 3473 394 3542 om.[
469 3477 496 3542 3)
514 3473 705 3528 vehementius
787 3475 815 3541 4)
834 3473 924 3540 qualis
943 3489 1002 3527 esse
1020 3473 1141 3528 debebat

209 3543 235 3610 5)
255 3541 442 3596 conformatus
531 3546 558 3611 6)
576 3544 725 3598 immatura
742 3544 832 3597 morte
