2630 3916
442 111 579 165 TIBERII
596 110 876 165 HEMSTERHUSH.
1125 114 1167 178 23

151 257 245 323 clare
269 253 407 339 sciebat,
434 253 536 318 Icaris
558 227 625 318 ιιοιι
647 275 717 317 esse
741 254 897 337 aptandas
922 256 1001 339 alas,
1023 255 1159 321 boot
1109 261 1168 340 est,

146 347 290 429 J'uvencs
313 364 379 406 non
400 345 522 406 temere
545 341 586 404 od
609 338 689 404 orit·
665 344 762 406 boam
786 341 985 406 adducendos
1009 365 1094 425 esse,
1122 349 1168 409 ta

155 454 236 496 men
258 430 436 513 sagacioris
451 428 569 493 indolis
594 428 776 493 adolescent
761 432 810 493 tes
824 433 949 494 mature
972 429 1067 513 hujus
1088 436 1139 495 art
1139 433 1166 496 is

156 519 262 584 veluti
284 521 383 602 gustu
402 515 541 600 quodam
558 516 739 581 imbuebat.
770 515 962 592 Quorum'
931 539 1026 600 vires,
1043 521 1080 582 ut
1099 523 1168 584 erat

158 628 234 672 acer
257 609 291 669 ct
308 605 478 706 perspicax
500 605 702 689 ingeniorum
721 603 930 688 existimator,
954 568 1075 670 anti
1049 628 1095 671 src
1118 629 1168 670 ex-

157 695 321 780 plorabat,
344 693 498 776 primum,
525 696 563 756 ut
590 713 645 756 cos
673 691 803 775 juberet
829 693 972 776 cogitate
1000 694 1167 758 meditate-

159 805 223 868 que
246 782 355 866 legere
377 780 539 845 illustrem
561 779 702 862 aliquem
720 780 839 844 veteris
861 781 1029 864 scriptoris
1051 781 1168 865 locum,

158 892 190 934 v
219 891 244 934 c.
269 868 440 933 Livianam
463 866 711 966 praefationem,
738 867 792 931 vix
815 868 887 933 1ιιιιι
863 867 970 934 tanda
997 872 1067 932 arte
1089 889 1163 934 oon·

160 957 357 1041 scriptam,e
340 960 373 1020 t
390 959 474 1040 post
488 954 613 1038 quidm
625 955 687 1020 tali
699 956 771 1018 loco
794 956 933 1020 maxime
952 957 1095 1020 animum
1115 979 1168 1041 pe-

159 1042 339 1129 pulisset1),
362 1043 438 1126 quid
461 1042 599 1106 maxime
622 1042 806 1126 placuisset,
829 1043 892 1107 sibi
911 1043 1038 1107 referre.
1076 1043 1168 1128 Tum,

112 1138 149 1188 58
160 1133 219 1196 ubi
240 1132 371 1216 linguae
384 1131 553 1195 scientiam
576 1134 609 1194 et
621 1131 726 1212 pulcri
749 1151 878 1202 sensum
892 1130 955 1196 sibi
968 1132 1169 1215 probassent,

160 1221 198 1284 in
225 1219 396 1302 scriptore,
428 1219 468 1282 ad
499 1218 577 1283 talis
610 1218 725 1282 aetatis
758 1221 887 1300 captum
917 1220 1169 1303 accommodato,

161 1309 269 1372 locum
283 1306 535 1388 demonstrabat,
558 1306 613 1388 qui
635 1306 751 1370 vitium
772 1305 908 1371 haberet
925 1307 1047 1370 nemini
1070 1307 1169 1370 anim-

162 1395 345 1476 adversum,
372 1395 468 1476 idque
499 1393 696 1476 investigare
722 1393 868 1475 jubebat.
919 1393 1062 1477 Reperta
1101 1416 1168 1458 cor·

161 1482 305 1564 ruptela,
329 1503 425 1564 quam
447 1481 588 1564 reperire
611 1479 771 1544 interdum
793 1478 956 1544 difficilius
980 1486 1044 1565 est,
1073 1503 1170 1564 quam

164 1569 323 1652 corruptis
351 1567 485 1652 mederi,
516 1567 708 1651 praesertim
738 1567 794 1631 ubi
824 1569 979 1632 mendosa
1011 1568 1170 1651 scriptura

163 1656 381 1740 tolerabilem,
402 1677 461 1720 neo
488 1677 565 1720 are
588 1655 764 1720 abhorrent
750 1652 848 1740 tem²)
879 1677 1008 1720 sensum
1036 1657 1169 1741 efficiat,

165 1706 688 1828 seurepertaeorruptea³),1ene
703 1747 736 1807 et
752 1743 907 1832 blandum
921 1744 986 1808 ab
977 1745 1108 1827 ingenio
1123 1767 1170 1808 re-

163 1831 306 1896 medium
327 1835 402 1913 post
388 1831 525 1895 tulabat
570 1829 609 1894 In
632 1853 694 1914 quo
718 1834 755 1896 ιιι
777 1852 846 1914 eos,
869 1832 925 1914 qui
946 1832 1071 1895 nullum
1094 1832 1170 1897 dnm

165 1917 302 1983 Critioes
316 1940 409 1982 usum
422 1918 588 2000 haberent,
611 1918 836 2000 sublevarets
826 1940 896 2000 1pse
919 1919 1130 1983 interdum
1100 1942 1169 1984 v1as

166 2006 329 2090 quasdam,
352 2027 433 2089 quac
455 2005 540 2068 ferre
569 2006 610 2068 ad
635 2027 748 2068 verum
774 1968 1001 2070 iriveniendum
1027 2012 1170 2091 possent,

165 2093 337 2158 indicabat.
383 2092 419 2158 Si
445 2114 514 2157 rem
542 2113 601 2156 acu
627 2093 805 2176 tetigisses,
833 2093 967 2156 candide
995 2094 1171 2176 plaudebat

166 2181 330 2246 sollertiae
343 2185 428 2264 tuae,
442 2185 476 2244 et
489 2179 680 2244 acerrimum
689 2180 792 2244 laudis
804 2179 972 2244 stimulum
982 2181 1170 2245 adhibebat:

167 2269 218 2332 sin
249 2269 369 2352 minus,
402 2281 494 2333 suam
525 2268 594 2350 ipse
630 2267 886 2334 emendationem
918 2269 1103 2352 promebat,
1135 2275 1172 2333 ut

168 2357 340 2440 quaerendi
362 2361 395 2420 et
410 2356 610 2440 conjectandi
623 2357 698 2421 finis
720 2356 821 2420 ficret.
852 2355 923 2420 Hac
937 2357 1063 2421 ratione
1082 2371 1171 2421 usur·

124 2444 272 2526 59panda
298 2445 348 2508 vir
380 2465 522 2507 summus
553 2464 620 2507 non
652 2444 757 2507 solum
784 2443 951 2527 discipulis
972 2444 1045 2508 suis
1073 2445 1172 2508 facul·

167 2535 269 2594 tatem
291 2532 390 2596 dabat
413 2529 493 2595 crit
469 2535 548 2594 t1ccs
572 2530 820 2614 cognoscendae,
843 2531 899 2594 sed
922 2531 1050 2595 eosdem
1073 2532 1171 2596 etiam

168 2619 483 2683 consuefaciebatin
499 2618 635 2702 legendo
656 2618 769 2702 judicii
787 2619 992 2683 severitatem
1011 2619 1171 2703 adhibere,

169 2709 200 2768 et
213 2727 339 2790 semper
362 2707 505 2770 animum
505 2705 605 2789 ,quid
628 2696 808 2788 intelligat,
817 2706 893 2789 quid
907 2707 1021 2789 minus,
1035 2707 1171 2770 interro-

169 2813 252 2876 gare.
288 2794 333 2858 Et
356 2794 520 2877 miramur,
543 2815 581 2857 ex
596 2794 663 2876 ejus
682 2793 853 2876 disciplina
875 2794 984 2877 plures
1000 2799 1074 2858 acut
1075 2794 1171 2858 iores-

169 2902 229 2964 que
261 2879 341 2946 orit
317 2886 414 2964 boos,
448 2902 543 2965 quam
579 2901 597 2944 e
630 2882 817 2964 cujusquam
854 2885 928 2945 ante
960 2881 1067 2964 illum,
1098 2904 1171 2964 pro

167 2967 286 3033 diisse?
322 2968 434 3033 Nolim
458 2969 604 3052 singulos
623 2969 794 3033 ambitiose
817 2989 1077 3033 commemorare.
1113 2969 1171 3041 Fa·

168 3055 237 3139 cile,
260 3057 315 3139 qui
338 3057 414 3139 sint,
437 3056 526 3120 velut
548 3056 681 3140 propria
704 3054 841 3139 quadam
858 3060 945 3139 nota,
967 3056 1172 3139 intelligendi

169 3145 200 3204 et
215 3143 381 3225 judicandi
404 3143 584 3208 subtilitate
608 3147 854 3226 cognoscuntur.
885 3143 993 3208 Unum
1007 3147 1117 3208 tamen
1131 3145 1172 3208 si·

168 3227 267 3295 lentio
304 3232 482 3314 praeterire
515 3253 582 3296 non
615 3252 763 3314 possum,
800 3249 988 3314 germanum
1024 3231 1172 3314 inprimis

238 3437 264 3504 1)
284 3436 422 3492 affecisset
491 3440 520 3506 2)
537 3436 714 3493 tolerabilem
733 3438 762 3490 et
779 3453 797 3490 a
814 3453 845 3490 ro
862 3452 919 3490 non
932 3435 996 3490 abb.
1070 3439 1096 3504 3)
1115 3437 1173 3490 effi·

170 3504 233 3572 ciat,
251 3509 370 3576 reperta,
388 3508 511 3575 inquam,
530 3525 585 3562 cor.
