2630 3916
196 186 238 248 26
613 183 778 238 ELOGIU'M

198 331 276 412 erat,
298 349 337 393 ex
359 331 429 392 tam
450 323 615 410 perenni²)
641 331 677 391 et
697 326 888 392 inexhausto
918 326 1083 390 doctrinae
1109 325 1212 390 fonte

197 417 238 479 ad
260 436 461 480 communem
484 415 662 480 utilitatem
682 435 897 496 permanasse.

263 501 366 586 Hujus
389 503 437 566 rei
459 523 541 586 quae
563 523 696 567 caussae
719 501 854 584 fuerint,
876 522 949 566 cum
972 521 1209 584 saepenumero

197 590 309 674 quaeri
331 590 446 673 soleat,
467 590 579 654 videor
600 589 683 653 mihi
704 585 894 674 reperissel)
916 589 976 653 has
999 589 1087 653 duas.
1130 588 1208 653 Pri·

197 699 286 742 mum
308 677 358 740 vir
386 699 528 742 summus
556 680 648 742 tento
671 676 800 761 legendi
826 675 1065 760 meditandique
1093 677 1207 741 studio
1311 655 1312 704 l

197 765 382 848 tenebatur,
404 766 459 830 rix
481 765 614 829 atinde
642 765 741 829 avelli
762 768 930 849 posset,e
913 767 946 828 et
973 764 1014 828 ad
1041 785 1092 848 es,
1120 785 1207 847 quae

196 873 255 935 per
286 851 382 916 nimis
415 853 497 916 mult
483 856 532 936 ta,
562 855 600 915 ut
636 853 731 916 nobis
763 851 892 935 quidem
922 852 1061 935 videtur,
1093 851 1207 916 edver-

197 939 357 1003 sariorum
379 903 545 1005 volumina
573 945 750 1023 sparserat,
775 939 951 1024 digerenda
971 940 1107 1004 traduci.
1149 938 1206 1005 Ne
1221 959 1265 1007 65

196 1027 267 1110 ipse
294 1027 423 1110 quidem
455 1028 540 1092 diffit
526 1030 616 1094 tteba
616 1049 668 1110 ur,
700 1049 735 1092 se
766 1027 807 1092 ad
838 1028 980 1110 labores,
1010 1027 1206 1111 praesertim

193 1114 317 1198 jussos,
350 1115 466 1198 quibus
503 1116 567 1180 sibi
598 1078 722 1198 liqdida
751 1114 812 1179 illa
843 1115 1020 1180 meditandi
1050 1114 1204 1196 voluptas
1312 1142 1313 1174 ι

198 1203 389 1285 eriperetur,
415 1203 512 1285 paulo
541 1225 610 1268 esse
639 1203 823 1266 tardiorem.
867 1202 991 1266 Deinde
1015 1223 1087 1266 oum
1108 1200 1206 1302 nihil,
1312 1203 1313 1228 ¹

196 1289 1002 1461 tlttttttttdttttfttlmtttt
1023 1289 1206 1459 ttftt.

197 1485 271 1530 eene
295 1463 496 1550 rationemq,
518 1465 629 1550 lapsus
645 1468 705 1547 est,
726 1468 763 1529 ut
784 1465 852 1529 fere
872 1465 979 1528 solent
1001 1463 1205 1528 excellentis-

197 1552 273 1616 simi
297 1551 414 1635 quique
437 1552 623 1636 artifices,
612 1575 648 1617 ιιι
670 1514 830 1636 qdandam
858 1551 1051 1616 calumniam
1075 1551 1132 1634 sui,
1154 1549 1206 1634 ιιι,

197 1642 479 1722 quantumcunque
494 1639 695 1705 adhibuisset
709 1660 803 1704 curae
819 1643 852 1705 et
866 1639 972 1722 studii,
995 1643 1104 1703 tamen
1116 1601 1206 1702 nihil
1313 1632 1314 1694 l

199 1726 279 1790 satis
302 1729 441 1827 putaret.
476 1725 537 1810 Ite,
555 1727 640 1811 quod
654 1727 780 1792 Plinius
802 1727 842 1791 de
855 1726 1048 1828 Protogene,
1069 1727 1136 1809 pict
1137 1747 1205 1808 ore,

197 1813 290 1894 dicit,
262 1814 352 1877 tim
377 1816 500 1878 ιιιιιιιιι
528 1816 609 1880 artis
633 1815 800 1880 aestans
824 1816 927 1879 minor
953 1819 1020 1878 erat
1047 1813 1205 1894 fertilitas.

197 1899 269 1964 Huc
297 1900 483 1984 accedebat,
513 1901 612 1986 quod,
648 1923 868 1986 quamcunque
899 1923 969 1966 rem
999 1905 1083 1966 tract
1068 1901 1205 1967 tendam

197 1988 374 2072 sumsisset,
388 2011 460 2054 eam
472 1951 522 2054 'ita
535 1994 692 2068 excutere,
706 1994 740 2056 et
753 2011 825 2054 oum
838 1990 1018 2072 pulvisculo
1033 1989 1204 2054 exhaurire

197 2039 454 2163 studeret⁴)⁷‚ut
417 2079 555 2161 u,qui
592 2077 728 2162 posthac
759 2077 844 2142 idem
880 2097 975 2162 agere
1006 2077 1204 2160 institueret,

197 2185 326 2228 omnem
353 2165 418 2229 sibi
445 2128 513 2230 rhat
515 2166 615 2245 eriam
643 2169 849 2266 praereptam
880 2162 1079 2250 fateretuffl).
1124 2163 1202 2238 6111-
1215 2180 1256 2229 66

197 2251 258 2315 bus
281 2252 320 2314 de
343 2250 498 2336 caussis⁶)
521 2254 695 2317 memoriae
718 2275 808 2336 suae,
836 2253 992 2317 fidissimo
1016 2251 1204 2334 ceteroquin

197 2338 354 2420 omnium,
390 2359 471 2421 quae
498 2341 599 2404 semel
631 2340 776 2424 legisset,
809 2340 1037 2422 audivissetve,
1066 2339 1203 2422 custodi,

197 2425 295 2489 irasci
319 2387 455 2509 sdlcbet,
478 2427 506 2490 si
528 2427 580 2490 vel
603 2428 675 2492 lere
699 2427 864 2510 quiddam,
891 2427 976 2510 quod
998 2426 1110 2491 eodem
1132 2448 1203 2508 per·

197 2512 324 2594 tineret,
347 2513 412 2576 sibi
433 2517 509 2596 post
532 2513 598 2578 edit
583 2517 662 2582 tum
675 2515 795 2579 librum
818 2515 1046 2616 suppeditaret.

262 2598 415 2683 Fuenmt,
437 2600 587 2684 quibus
577 2625 612 2666 ιιι
632 2602 774 2667 Lucieno
793 2603 935 2667 ornando
953 2602 1050 2666 nimis
1073 2605 1202 2667 cuncta-

196 2690 249 2750 tus
271 2686 395 2751 videret
381 2691 447 2752 tzur
471 2690 622 2772 aquibus
637 2690 777 2773 petimus
793 2693 827 2755 et
848 2711 1049 2790 quaesumus,
1071 2692 1108 2751 ut
1131 2689 1201 2770 ejus

196 2775 434 2842 cunctationem
460 2781 648 2861 comparent
675 2799 747 2842 eum
770 2774 947 2863 alterius⁷)‚
975 2777 1030 2860 qui
1055 2776 1202 2860 posted

196 2862 331 2926 eundem
367 2864 558 2946 scriptorem
594 2866 750 2929 edendum
787 2865 935 2930 accedere
971 2885 1067 2928 ausus
1110 2860 1201 2948 est⁸),

195 2948 259 3013 fest
245 2949 412 3015 tinctione.
447 2949 622 3036 Reperient
643 2952 797 3036 profecta
754 2952 913 3016 tillum
932 2951 1109 3017 cunctando
1131 2972 1202 3015 rem

196 3037 386 3120 restituisse,
408 3037 525 3126 huno⁹)
548 3039 731 3104 festinando
753 3039 938 3122 perdidisse.

260 3124 322 3190 Ille
346 3129 455 3192 autem
482 3130 534 3192 tot
556 3127 743 3212 vigiliarum
768 3131 800 3192 et
822 3131 873 3192 tot
897 3148 1054 3192 annorum
1077 3127 1200 3191 fructus

266 3299 293 3365 1)
312 3313 327 3350 e
345 3298 460 3366 perenni
479 3299 550 3379 [tam
564 3301 626 3370 ora]
699 3299 887 3367 2)fuerint‚s
875 3311 957 3368 saepe
976 3315 1091 3354 numero
1105 3298 1202 3366 quaeri

195 3366 274 3420 solet.
310 3366 446 3434 Equidem
464 3368 534 3424 mihi
556 3369 652 3424 videor
670 3369 803 3438 reperisse
892 3370 919 3436 3)
938 3369 1073 3438 majorem
1095 3369 1201 3421 habens
1305 3377 1314 3394 ⁴

193 3434 375 3514 posteritatis,
393 3453 477 3504 qnam
495 3439 649 3507 praesentis
668 3439 777 3506 aetatis,
800 3437 937 3505 rationem
1026 3440 1053 3506 4)
1073 3437 1204 3491 studebat

264 3504 449 3640 gppnveniret
503 3509 529 3576 6)
549 3507 734 3573 Quamobrem
789 3509 815 3576 ι)
834 3495 954 3562 aliorum
1012 3508 1040 3574 8)
1059 3507 1121 3561 ausi
1138 3509 1204 3560 sunt

331 3591 361 3628 os
