2630 3916
382 174 525 227 umaan
543 135 821 228 nsnsruariusn.
1072 171 1112 233 17

102 319 242 385 eundem
269 318 434 384 hominem
459 317 605 400 pluribus
637 318 733 382 rebus
764 317 934 381 excellere:
964 319 1008 382 sit
1035 341 1113 383 sane

56 425 92 472 43
103 410 153 472 ita
161 405 199 492 ¹):
231 405 385 470 hahuerit
418 405 681 470 Hemst'erhusius
713 401 909 468 Graecarum
945 405 1113 474 literarum

103 494 243 560 scientia
265 513 377 576 parem
398 492 567 556 neminem.
603 491 650 555 At
663 491 852 556 Latinarum
874 497 961 556 certe
975 513 1112 576 regnum

103 604 203 666 penes
228 581 311 645 alios
335 577 429 665 est2).
470 581 542 664 Ego
566 601 641 644 vero
663 601 730 644 non
747 580 889 644 dubitem
913 580 1113 664 contendere,

104 693 180 734 eum
208 667 325 732 Latine
354 667 558 732 doctissimos
585 689 652 731 non
681 665 818 753 solum³)
853 689 1020 752 aequasse,
1049 670 1113 751 sed,

105 757 192 840 quod
219 755 404 838 adjumenta
436 755 591 838 quaedam
622 755 772 836 haberet,
795 776 854 818 nec
876 756 1008 838 cognita
1035 757 1113 842 illis,

102 865 165 908 nec
187 846 352 926 usurpata,
377 864 553 925 superasse.
588 842 688 906 Recte
710 843 761 906 vir
782 862 919 926 magnus
939 845 1113 928 statuebat,

103 931 259 995 Latinam
281 931 427 1014 linguam
441 928 581 994 Graecae
595 930 642 994 sic
665 933 774 1013 aptam
789 933 822 992 et
835 949 952 995 nexam
966 952 1044 1013 esse,
1067 937 1112 1015 ut,

105 1020 162 1102 qui
186 1018 323 1082 alteram
347 1018 388 1081 ab
417 1017 521 1081 altera
542 1017 704 1081 distrahat
727 1039 764 1082 ao
786 1017 933 1099 divellat,
957 1019 1057 1081 animi
1080 1025 1113 1083 et

105 1103 1112 1276 ttdddtttt?§litetstff‘dbmttttffitl

105 1280 258 1362 Graecae,
281 1300 413 1362 operam
436 1279 532 1363 dedit,
556 1284 652 1363 atque
671 1280 760 1362 adae,
780 1281 932 1363 quoniam
950 1281 1018 1363 ejus
1041 1303 1113 1364 pro·

105 1370 213 1450 prium
246 1370 328 1450 erat,
359 1366 441 1430 nihil
472 1366 676 1431 mediocriter
707 1367 802 1449 scire,
833 1367 934 1431 talem
967 1367 1112 1451 Latinae,

106 1455 236 1537 qualem
264 1453 418 1536 Graecae,
447 1454 638 1518 facultatem
667 1458 855 1518 consecutus
886 1459 944 1518 est.
989 1453 1113 1538 Dieam,

107 1541 193 1624 quod
207 1542 320 1624 sentio,
334 1545 376 1623 et,
385 1546 422 1605 ut
437 1542 585 1624 arbitror,
598 1542 703 1605 dicam
717 1563 799 1604 vere.
831 1539 967 1604 Latinae
980 1540 1111 1626 linguae

106 1629 249 1713 origines
277 1650 370 1692 nemo
399 1628 586 1692 mortalium
615 1632 690 1692 ante
717 1627 998 1694 Hemsterhusium
1026 1634 1112 1696 recte

60 1728 96 1776 44
107 1716 271 1799 cognovit.
299 1715 457 1780 Viderunt
471 1716 576 1780 Varro
592 1719 625 1780 et
638 1716 697 1780 alii
710 1715 859 1799 Romani,
873 1715 977 1781 multa
991 1739 1030 1780 ex
1053 1718 1112 1784 lin·

107 1824 171 1888 gua
194 1801 317 1866 Graeca
339 1804 374 1866 in
401 1825 492 1867 suam
514 1803 650 1867 venisse.
695 1802 875 1887 Aliquanto
903 1804 1009 1889 plura,
1037 1827 1113 1889 quo-

105 1912 178 1953 rum
201 1891 294 1974 origo
316 1895 441 1954 veteres
469 1890 654 1974 fefellisset,
680 1913 719 1954 ex
746 1891 857 1954 eadem
884 1891 996 1975 lingna
1023 1914 1111 1976 repe-

106 1978 229 2042 tierunt
252 1975 398 2060 Scaliger
420 1982 453 2042 et
477 1976 662 2042 Salmasius.
713 1977 775 2042 Sed
802 1977 918 2052 adhuc,
933 1980 1030 2043 dubia
1057 1981 1113 2046 lux

106 2065 185 2129 erat.
221 2063 405 2148 Enimvero,
422 2065 554 2128 inventa
567 2064 806 2128 Hemsterhusii
826 2065 956 2148 ingenio
972 2065 1112 2130 Graecae

107 2152 237 2234 linguae
266 2152 432 2236 analogia,
460 2151 556 2215 simul
588 2151 687 2215 etiam
712 2150 848 2215 Latinae
874 2153 959 2215 ratio
987 2152 1113 2235 diluxit,

106 2239 276 2322 patuitque
290 2238 572 2322 clarissime,quod
586 2239 680 2321 pauci
693 2239 798 2322 magis
813 2239 969 2322 suspicati
979 2238 1113 2328 crans),

107 2347 205 2410 quam
227 2323 495 2410 intellexerant5),
518 2330 622 2390 totam
643 2327 710 2390 fere
730 2326 880 2391 Latinam
902 2327 1048 2411 linguam
1072 2329 1112 2393 ab

105 2413 242 2478 Aeolica
263 2414 402 2478 fluxisse.
446 2413 575 2496 Restat,
598 2413 717 2496 fateor,
740 2435 814 2495 pars
838 2415 1008 2498 quaedam,
1032 2437 1112 2499 quae

105 2502 235 2566 invecta
268 2500 395 2564 aliunde
430 2497 617 2585 videaturl).
667 2499 788 2564 Verum
821 2505 878 2565 aut
911 2501 1024 2584 fallor,
1057 2505 1112 2568 aut

106 2588 267 2652 exorietur
281 2588 454 2671 aliquando
468 2588 518 2656 vir
541 2589 652 2653 doetus
671 2591 704 2651 et
717 2588 913 2673 ingeniosus,
928 2590 991 2674 qui,
1014 2589 1112 2656 Hem-

106 2675 310 2740 sterhusiana
333 2675 485 2759 analogia
507 2675 648 2758 adjutus,
672 2696 743 2738 eam
771 2694 896 2758 quoque
923 2681 1049 2758 partem
1073 2678 1112 2741 ad

106 2761 264 2826 Graecam
286 2763 446 2846 originem
468 2766 608 2844 reuocet,
630 2762 882 2846 planissimeque
906 2762 1113 2848 demonstret,

106 2870 242 2916 omnem¹
257 2848 407 2914 Latinam
429 2850 574 2933 linguam
596 2849 727 2932 pulcrae
750 2849 863 2913 matris
879 2847 1020 2914 Graecae
1043 2853 1111 2936 pul-

106 2957 196 3000 cram
219 2936 320 3000 filiam
342 2959 421 3001 esse.

61 3035 95 3084 45
174 3021 237 3088 Sed
265 3024 432 3088 mittamus
469 3024 620 3108 origines.
670 3023 833 3099 Quantum
865 3023 1111 3092 Hemsterhusio

105 3111 259 3193 praesidii
287 3132 356 3176 esse
384 3111 495 3175 debuit
523 3111 559 3175 in
581 3109 722 3175 Graecae
751 3111 880 3195 linguae
910 3113 1045 3177 scientia
1071 3113 1112 3178 ad

179 3355 204 3420 1)
224 3353 280 3407 sint
296 3353 360 3422 ista,
380 3354 453 3408 sicut
469 3354 523 3408 ris:
595 3353 622 3422 2)
640 3353 788 3408 neminem.
822 3353 877 3408 Sed
890 3354 957 3422 quid
976 3353 1010 3408 de
1024 3354 1112 3409 literis

105 3423 214 3476 Latinis
237 3425 324 3478 dicis?
356 3423 459 3477 Earum
482 3426 557 3478 certe
584 3454 617 3464 -
641 3423 711 3478 alios
737 3423 790 3477 erit
896 3425 922 3490 3)
945 3440 1002 3477 nou
1028 3425 1113 3480 modo

141 3495 169 3560 4)
188 3493 264 3561 quod
282 3496 361 3547 erant
378 3495 461 3562 pauci
475 3493 608 3562 suspicati
698 3495 724 3560 t)
744 3510 828 3560 quam
846 3492 1044 3548 intellexerant
1061 3510 1112 3549 om.

140 3565 168 3630 6)
187 3579 258 3629 quae
277 3579 327 3631 per
343 3563 476 3617 barbaras
494 3565 591 3631 gentes
609 3563 720 3617 inrecta
737 3563 865 3617 rideatur

158 3659 300 3699 amaru
313 3659 378 3708 mog.
393 3659 441 3701 rib.
455 3659 626 3699 Hemrterhurit
880 3658 896 3704 2
