2630 3916
414 159 550 212 TIBERlI
567 159 846 215 HEMSTERHUSII.
1107 159 1128 222 5

193 301 284 366 Haec
306 323 382 366 vero
401 300 514 366 critici
536 303 686 367 materies
705 302 891 386 indolesque
913 301 948 366 in
964 302 1129 366 Hemster·
1192 297 1196 304 ’

127 389 221 454 husio
244 393 336 454 tanta
358 388 431 473 fuit,
452 392 490 454 ut
511 394 640 474 natura,
671 389 746 473 quid
773 391 808 453 in
830 389 890 454 tali
916 390 1045 473 ingenio
1073 387 1130 452 fin·

128 475 233 561 gendo
255 479 375 560 posset,
397 477 432 539 in
450 497 487 540 eo
510 477 716 560 potissimum
734 482 866 560 experta
887 499 956 542 esse
973 476 1129 541 videatur.

129 563 248 628 Omnes
271 564 385 628 inille
408 563 509 628 talem
532 565 698 629 oculorum
720 565 832 647 aciem,
855 565 960 647 qualis
982 564 1130 648 lyncibus

129 656 162 714 et
176 651 295 734 aquilis
309 651 411 715 tribui
434 652 526 735 solet,
540 652 749 717 mirabantur.
777 651 840 717 Sed
853 651 997 735 profecto
1010 652 1129 715 mentis

129 738 212 802 acies
236 739 340 803 multo
363 739 511 803 miranda
532 740 646 824 magis.
681 739 773 803 Nihil
796 744 865 803 tam
884 740 1028 804 abditum
1051 743 1130 819 erat,

129 831 198 890 tam
219 824 303 890 nihil
322 830 492 911 retrusum,
515 827 600 910 quod
618 827 684 909 ejus
708 848 841 891 acumen
858 827 996 892 falleret.
1035 825 1129 891 Nihil

128 917 196 977 tam
220 913 400 996 depositum
424 936 461 979 ac
482 936 584 998 prope
607 914 850 997 conclamatum,
873 915 924 979 cui
941 936 1007 979 non
1029 915 1130 978 vitam

130 1005 162 1064 et
181 999 319 1065 salutem
343 999 499 1066 redderet.
542 999 636 1066 Nihil
658 1005 726 1066 tam
740 1002 912 1066 artificiose
935 1002 1131 1083 simulatum,

86 1088 207 1171 15quin
237 1087 382 1153 fraudem
406 1088 500 1154 facile
527 1090 676 1172 sentiret,
703 1093 736 1154 et
758 1089 885 1153 indiciis
909 1090 975 1154 suis
997 1092 1131 1152 teneret.

130 1175 219 1239 Talis
246 1179 314 1240 tam
343 1177 447 1241 felicis
472 1173 607 1242 Oritiees
636 1177 762 1241 illustre
790 1176 1014 1241 documentum
1044 1175 1131 1239 dedit

129 1264 165 1326 in
186 1261 399 1347 Xenophonte
421 1264 570 1348 Ephesio.
615 1263 679 1328 Hic
701 1265 851 1347 scriptor,
874 1255 980 1328 aetate
1004 1264 1132 1327 demum

129 1355 253 1433 nostra,
275 1353 426 1417 mendose
446 1355 480 1416 et
495 1353 698 1436 negligenter
717 1351 820 1416 editus
839 1351 996 1434 initalia,
1020 1351 1132 1414 nativa

130 1461 188 1502 sua
210 1444 378 1504 venustate
395 1439 677 1505 Hemsterhusium
699 1440 863 1520 invitarat,
885 1443 922 1502 ut
943 1461 1009 1503 non
1027 1437 1131 1501 solum

130 1548 212 1608 quae
243 1526 319 1609 quid
351 1527 425 1591 vitii
456 1528 644 1608 traxissent,
674 1526 870 1608 emendaret,
902 1525 960 1590 sed
990 1525 1132 1608 plurium

131 1613 229 1676 etiam
243 1614 415 1678 verborum
438 1613 569 1677 lacunas
588 1613 626 1676 de
645 1613 828 1696 conjectura
852 1613 1023 1696 suppleret.
1052 1611 1132 1676 Post

130 1699 308 1765 Dorvillius
331 1699 371 1764 V.
395 1697 430 1764 0.
453 1700 586 1764 eundem
614 1701 804 1783 scriptorem
832 1701 950 1765 iterum
977 1700 1017 1765 ad
1040 1698 1132 1765 (lodi-

131 1789 200 1852 cem
223 1786 290 1853 MS.
314 1787 401 1872 exigi
415 1788 523 1871 jussit.
559 1788 814 1872 Quid'quaeris?
850 1787 968 1853 Nullus
991 1809 1132 1871 unquam

130 1879 220 1939 vates
247 1875 494 1940 Hemsterhusio
522 1879 667 1959 repertus
698 1879 748 1940 est
774 1876 889 1940 verior.
932 1875 1018 1940 Nam
1041 1879 1132 1938 vetus

132 1962 232 2027 codex
254 1962 408 2027 lectiones
432 1968 463 2027 et
486 1963 672 2027 lacunarum
695 1964 917 2046 supplementa
940 1964 995 2046 sic,
1016 1967 1054 2026 ut
1076 1962 1132 2025 ille

132 2049 302 2114 divinando
347 2050 547 2132 restituerat,
590 2051 753 2132 plerisque
798 2051 878 2114 locis
914 2054 1133 2132 repraesenta·

131 2135 231 2220 bae).
332 2139 336 2146 '

198 2222 272 2287 Etsi
302 2246 379 2288 vero
408 2242 619 2307 permagnum
646 2221 766 2290 (tritico
794 2224 990 2307 praesidium
1021 2227 1070 2288 cst
1099 2224 1134 2287 in

132 2311 249 2375 mentis
259 2311 292 2376 vi
306 2314 339 2376 et
352 2310 608 2396 sollertia,nemo
618 2315 728 2376 tamen
741 2312 849 2376 omnia
858 2312 892 2376 in
911 2334 948 2376 eo
961 2312 1069 2394 posita
1078 2335 1133 2395 pu·

90 2403 189 2466 rotet.
218 2395 474 2482 Comparandum
491 2403 540 2463 est
554 2397 693 2462 alterum
708 2400 966 2481 instrumentum,
982 2399 1133 2482 eruditio,

52 2517 54 2526 ν
136 2508 216 2568 quae
239 2489 275 2550 ut
297 2509 410 2570 parum
433 2490 489 2551 aut
511 2486 594 2550 nihil
617 2487 686 2550 sine
709 2487 850 2570 ingenio,
872 2487 918 2550 sio
941 2487 1010 2550 sine
1033 2486 1134 2550 erudi·

134 2573 220 2638 tione
243 2595 284 2637 ne
306 2575 617 2657 perspicacissimum
636 2574 764 2657 quidem
786 2574 950 2656 ingenium
965 2575 1134 2657 quicquam

135 2659 282 2724 effecerit
325 2660 425 2725 Recte
448 2659 560 2726 Grates
584 2661 746 2743 Mallotes,
769 2683 862 2745 quem
884 2661 964 2724 haec
987 2662 1058 2743 ipsa
1081 2684 1134 2724 ars

134 2747 334 2829 nobilitavit,
361 2748 444 2831 apud
472 2753 603 2813 Sextum
634 2749 846 2834 Empiricum,
875 2748 910 2811 in
938 2745 1058 2812 Oritico
1086 2771 1133 2812 re·

135 2833 234 2917 quirit
252 2835 356 2898 omnis
375 2835 520 2900 liberalis
543 2836 718 2918 doctrinae,
737 2857 832 2919 quam
847 2835 960 2899 Graeci
984 2835 1134 2916 ἐγκυκλο-

133 2921 287 2984 παιὸείαν
310 2926 446 3005 ¹nocant,
472 2924 649 2987 scientiam.
695 2921 730 2988 si
752 2923 854 3006 igitur
881 2920 952 3009 ad²)
980 2921 1134 2988 Criticam

134 3008 298 3090 adspirare
320 3008 415 3092 velis,
441 3007 511 3096 de³)
540 3008 680 3074 Cratetis
708 3013 895 3093 praecepto,
922 3013 997 3074 ante
1025 3009 1136 3074 Gram-

134 3092 329 3182 maticam4),
350 3117 416 3160 non
439 3097 606 3180 vulgarem
627 3098 738 3180 istam,
764 3098 820 3161 sed
848 3097 1010 3180 altiorem,
1036 3099 1136 3180 perci-

133 3182 215 3266 pias,
224 3182 350 3247 habites
360 3183 394 3247 in
403 3183 513 3248 Poetis
524 3187 556 3248 et
566 3183 767 3265 Oratoribus,
780 3205 931 3268 peragres
941 3184 1136 3250 latissimum

134 3268 288 3333 historiae
312 3291 469 3354 campum,
491 3276 598 3336 mente
617 3271 841 3354 complectaris
864 3273 1048 3336 universam
1064 3273 1135 3356 phi·

205 3477 231 3543 1)
254 3478 473 3546 repraesentavit
599 3478 626 3544 8)
650 3441 835 3543 Quamobrem
858 3477 882 3531 si
905 3478 941 3532 ad
1053 3479 1079 3547 8)
1103 3495 1137 3533 ex

134 3546 161 3614 4)
179 3549 244 3600 ante
261 3546 398 3617 percipias
418 3547 635 3602 Grammaticam
