2630 3916
171 142 214 208 30
588 141 753 195 uacuum
1302 128 1303 216 l

1302 219 1303 254 l

171 283 297 367 seponit
319 283 442 364 literas,
465 284 598 347 simulat
625 283 841 365 hilaritatem,
868 281 1181 366 acerbissimumque
1302 267 1303 358 l

170 370 314 435 dolorem
335 392 393 453 per
415 370 548 434 biduum
573 375 703 452 pectore
730 371 862 452 premit,
890 370 975 453 quod
994 369 1181 452 jucundita
1302 369 1303 396 ³

170 463 246 539 tem,
268 456 320 522 cui
342 479 376 521 se
399 457 545 540 hospites
558 456 754 542 dederant1),
777 457 927 522 muliebri
942 460 975 520 et
995 455 1079 519 nihil
1101 478 1180 538 pro·
1302 467 1303 524 ξ

170 546 281 610 futura
303 545 477 626 ejulatione
491 545 705 610 contaminari
726 544 868 609 nolebat.
900 543 975 608 Tali
993 545 1181 608 constantia
1302 561 1303 566 ’

172 652 343 715 germanus
370 631 428 695 ille
452 630 635 696 Socraticae
662 631 853 714 disciplinae
882 632 1044 713 alumnus,
1071 631 1180 694 Xeno·

170 719 269 803 phon,
285 715 467 804 nuntiata²)
489 719 576 783 inter
594 719 837 784 sacrificandum
858 718 920 782 filii
934 717 1040 800 Grylli
1062 721 1180 800 morte,

112 847 113 852 κ
172 807 295 870 luctum
317 806 454 889 distulit,
477 807 553 870 dum
576 807 719 870 solemne
742 806 935 870 sacrificium
957 806 1147 888 peregisset.

238 892 497 959 Ostentationcm
512 899 545 958 et
559 894 687 959 inanem
701 914 853 977 pompam
864 893 976 957 oderat
990 913 1061 957 cum
1075 893 1111 956 in
1126 914 1177 956 rc·

171 981 260 1063 liqua
287 982 368 1065 vita,
395 985 466 1046 tum
497 982 532 1046 in
558 981 713 1064 docendo,
741 984 778 1045 ut
805 981 921 1064 exteri,
953 980 1008 1064 qui
1038 980 1078 1044 ad
1106 981 1175 1062 ejus

171 1069 326 1133 lectiones
357 1070 534 1152 venissent,
565 1069 620 1134 vix
650 1068 830 1151 crederent,
861 1068 945 1132 hunc
979 1089 1048 1131 csse
1080 1067 1223 1131 illum⁷5

170 1154 467 1240 Hemsterhusium,
489 1157 528 1219 de
552 1178 614 1239 quo
637 1161 690 1220 tot
712 1177 748 1220 ac
770 1159 864 1220 tanta
886 1155 1066 1239 praedicari
1088 1154 1176 1218 audi·
1303 1189 1304 1251 p

171 1243 303 1308 vissent
329 1241 448 1308 Famae
463 1248 497 1307 et
510 1262 648 1327 magnae
671 1244 709 1306 de
725 1265 759 1306 se
782 1243 942 1326 opinionis
956 1263 1056 1326 prope
1070 1242 1176 1325 negli-
1303 1260 1304 1320 i

171 1349 250 1412 gens
279 1333 363 1413 crat,
392 1330 525 1394 minime
553 1331 696 1395 omnium
723 1352 837 1394 curans
865 1330 1016 1413 plausum
1042 1327 1176 1414 vulgi³),
1303 1333 1304 1386 ξ

171 1417 222 1482 cui
244 1415 447 1503 propterea4)
470 1440 570 1502 paena
592 1419 723 1502 ignotus
746 1417 838 1481 vixit.
881 1415 959 1501 Aa)
982 1438 1044 1500 quo
1068 1417 1175 1480 minus

171 1505 310 1588 gloriam
337 1506 531 1590 venabatur,
560 1527 598 1571 eo
625 1507 730 1589 magis
760 1505 800 1568 ad
828 1526 901 1569 cum
927 1508 1041 1588 sponte
1068 1504 1175 1567 venie-

170 1589 268 1676 batl).
318 1590 397 1667 Quis
430 1593 516 1656 enim
550 1594 667 1675 nescit,
704 1613 814 1656 omnes
852 1591 996 1656 omnium
1027 1592 1174 1675 gentium

171 1679 313 1742 eruditos
336 1699 400 1742 una
417 1701 505 1764 voce,
527 1701 590 1744 una
612 1681 774 1744 sententia
792 1697 927 1761 regnum
949 1679 985 1742 in
1007 1679 1109 1742 literis
1133 1678 1175 1742 ad

170 1765 278 1848 ipsum
300 1766 478 1830 detulisse?

236 1851 419 1935 Prudentia,
441 1853 563 1935 dubito,
579 1874 621 1916 an
633 1873 776 1935 unquam
789 1853 893 1935 major
911 1858 944 1917 et
957 1853 1175 1936 praestantior

169 1939 326 2004 fueritin
352 1940 420 2004 ullo
443 1939 573 2004 homine
603 1939 736 2003 erudito.
781 1937 941 2004 Credebat
968 1940 1174 2024 Epicharmo,
1304 2005 1305 2010 ,

169 2047 285 2091 nervos
303 2031 335 2091 et
349 2030 438 2091 artus
452 2026 641 2110 prudentiae
655 2049 735 2112 esse,
755 2049 822 2092 non
835 2031 954 2092 temcrc
977 2028 1112 2110 credere,
1125 2032 1172 2091 te-

169 2114 344 2198 nebatque,
372 2115 400 2178 si
428 2115 499 2198 quis
528 2115 624 2198 alius,
657 2119 760 2179 artem
792 2115 1020 2179 difficillimam
1046 2115 1174 2180 tacendi

171 2222 227 2265 suo
250 2205 404 2284 tempore,
423 2204 455 2264 et
477 2201 637 2284 loquendi.
672 2201 711 2266 In
724 2202 859 2267 consilio
875 2203 1028 2285 capiendo
1052 2207 1217 2286 cautus,‘16

170 2287 475 2369 consideratus,etsi
484 2289 622 2372 quaeris,
630 2289 879 2373 lentuszquippe
890 2290 1172 2355 omncsinutram-

170 2395 231 2457 que
244 2379 370 2456 partem
383 2373 526 2439 rationes
543 2375 683 2460 videbat,
696 2380 729 2441 et
748 2397 867 2460 magno
881 2378 1002 2460 judicio
1016 2377 1172 2461 pondera-

169 2462 241 2524 bat:
264 2462 321 2524 sed
342 2461 437 2545 idem,
459 2461 516 2526 ubi
537 2463 638 2526 semel
652 2463 729 2545 quid
750 2463 952 2548 decrevisset,
975 2470 1126 2530 constans
1140 2469 1173 2530 et

171 2549 291 2612 firmus.
329 2547 464 2614 Alienus
479 2572 499 2614 a
512 2550 762 2633 suspicionibus:
785 2552 841 2615 scd
862 2553 947 2617 idem
967 2553 1173 2637 latebrarum,

170 2656 252 2787 qutapc
275 2636 310 2698 in
332 2637 449 2700 animis
477 2636 646 2702 hominum
670 2635 781 2724 sint⁷),
807 2640 1037 2722 sagacissimus
1065 2641 1171 2723 cxplo

168 2744 206 2786 ra
241 2745 267 2786 r.

237 2808 299 2875 Sed
321 2810 501 2894 prudentia,
523 2833 605 2896 quac
623 2813 726 2878 vitam
748 2814 910 2898 privatam
929 2815 1073 2900 attingit,
1093 2815 1172 2880 siin

169 2917 207 2960 co
230 2919 355 2962 summa
377 2902 411 2962 et
433 2898 609 2982 singularis
632 2899 703 2983 fuit,
725 2898 897 2988 forsitan&
920 2903 1026 2967 minus
1054 2904 1171 2966 mirum

169 2983 324 3049 videatur.
361 2983 453 3049 Unde
475 3007 551 3051 vcro
575 2987 641 3070 illc,
665 2989 721 3072 qui
737 2990 862 3054 nullam
883 2990 1081 3074 reipublicae
1099 3011 1170 3072 par-

168 3075 235 3134 tem
258 3072 432 3155 attigisset,
454 3077 581 3138 tantam
603 3074 758 3140 hauserat
774 3097 881 3141 rerum
905 3078 1049 3142 civilium
1072 3078 1170 3141 scien·

168 3157 272 3222 tiam?
298 3159 424 3242 Nempe
437 3181 510 3225 cum
524 3183 596 3225 eam
618 3183 685 3226 non
698 3163 893 3245 experiundo
907 3164 971 3229 sibi
985 3185 1170 3247 comparare

239 3382 266 3448 1)
283 3382 358 3449 quod
370 3383 513 3453 hospitum
523 3385 728 3454 jucunditatem
800 3385 827 3452 2)
840 3387 973 3442 nunciata
1042 3389 1070 3456 3)
1083 3389 1169 3458 negli-

167 3465 235 3517 gens
253 3453 322 3517 erat,
340 3453 370 3505 et
386 3453 500 3508 minime
514 3455 638 3510 omnium
656 3457 773 3510 curabat
789 3454 901 3510 laudem
918 3457 997 3526 vulgi
1084 3459 1112 3525 4)
1129 3459 1169 3512 id·

168 3519 241 3572 circo
312 3521 339 3587 t)
359 3520 414 3575 Sed
485 3525 511 3592 6)
530 3525 688 3580 confluebat
758 3526 868 3592 ⁹1)th
937 3530 964 3594 8)
982 3527 1101 3581 fortasse
