2630 3916
385 145 521 198 TIBERII
538 144 816 199 HEMSTERHUSII.
1063 146 1103 208 31

88 290 226 371 posset,
253 309 330 352 usus
354 290 387 351 et
414 287 630 369 experientiae
658 287 811 352 vicariam
839 287 976 351 adscivit
1001 288 1106 371 philo-

90 375 265 458 sophiam,
301 374 511 458 inprimisque
548 375 652 438 0mnis
687 375 812 457 priscae
850 378 882 438 et
917 376 1105 442 recentioris

45 467 78 513 77
92 463 221 526 aetatis
244 461 424 526 historiam.
468 461 520 526 Ex
548 483 611 544 qua
637 462 757 525 virtute
781 460 955 527 Academia
977 462 1106 529 Batava

92 549 301 614 uberrimum
322 548 463 612 fructum
485 549 571 612 tulit.
615 548 739 614 Nactus
763 550 848 612 enim
871 549 1107 633 amplissimum

92 638 281 719 theatrum,
303 637 338 700 in
360 657 424 719 quo
452 636 557 700 civilis
585 635 642 698 illa
667 636 839 718 prudentia
866 636 1106 724 spectaretur¹),

94 724 341 789 foederatorum
367 723 543 806 Belgarum
575 722 748 788 historiam
780 745 864 789 nova
891 728 924 788 et
950 725 1107 791 inusitata

95 813 228 876 ratione
251 811 379 875 tradere
406 810 520 894 coepit.
564 809 747 895 Indagabat
772 832 865 875 veras
894 833 1041 895 caussas,
1068 835 1106 877 ex

97 899 220 982 quibus
257 920 308 962 res
336 900 447 981 gestae
478 897 667 981 penderent,
699 899 832 963 remotis
864 899 1106 964 simulationum

97 986 291 1067 involucris,
323 986 439 1069 quibus
470 988 672 1068 tegerentur,
703 986 839 1050 consilia
865 986 1047 1070 principum
1074 992 1108 1051 et

97 1074 297 1157 populorum
319 1094 377 1137 cur
398 1073 489 1155 bene,
511 1094 568 1137 cur
586 1092 676 1136 secus
695 1073 892 1154 cecidissent,
910 1074 1106 1157 explicabat,

99 1161 180 1244 quid
204 1159 424 1243 expetendum,
438 1160 515 1243 quid
536 1159 725 1243 fugiendum
738 1163 832 1243 esset,
851 1161 1106 1244 demonstrabat3

99 1248 326 1331 efficiebatque
350 1247 439 1330 adeo,
462 1251 497 1311 ut
519 1247 690 1331 disciplina
712 1270 770 1312 sua
791 1248 979 1332 prudentiae
1002 1250 1106 1313 civilis

99 1334 262 1418 magistra
273 1338 305 1398 et
314 1338 399 1398 esset
408 1338 441 1399 et
454 1334 636 1400 haberetur.
657 1333 809 1418 Inprimis
823 1335 957 1400 heroum
965 1337 1106 1401 Batavo·

99 1445 174 1488 rum
197 1422 328 1506 ingenia
348 1425 380 1485 et
395 1443 502 1487 mores
524 1424 619 1486 tanto
642 1421 779 1486 artificio
796 1422 961 1506 pingebat,
983 1427 1107 1487 utnon

100 1513 272 1575 literarum
303 1509 537 1592 Professorem,
568 1509 624 1572 sed
661 1508 835 1591 Polybium
871 1513 928 1574 aut
958 1509 1106 1575 Tacitum

101 1597 276 1664 cathedrae
299 1597 487 1679 impositum
509 1592 687 1681 dixisses2).

54 1697 91 1748 78
170 1684 243 1748 Tali
265 1684 410 1766 ingenio,
432 1684 580 1747 doctrina
608 1687 641 1746 et
668 1683 827 1765 sapientia
852 1683 916 1748 tuit
941 1684 1106 1749 Hemster-

90 1773 230 1853 ·husius,
257 1771 346 1853 cujus
382 1771 522 1835 similem
553 1767 710 1834 Oriticum
745 1792 803 1834 nos
835 1771 921 1835 haud
953 1773 1106 1857 vidimus,

102 1860 227 1943 posteri
253 1862 290 1923 ut
316 1859 461 1942 videant,
488 1858 645 1922 bonarum
676 1858 844 1924 literarum
871 1881 986 1924 caussa
1012 1860 1105 1924 vehe-

103 1950 228 2011 menter
250 1949 408 2028 optamus.
662 1945 672 1957 ‘

543 2132 664 2187 FINIS.

500 2294 710 2303 -m--n

177 2518 204 2586 1)
221 2517 341 2587 spectari
358 2518 453 2586 posset
521 2519 549 2585 2)
567 2519 694 2588 putasses
