2630 3916
203 148 244 210 10
618 147 783 204 aceolum

200 292 285 357 duat.
329 293 508 374 Mopao'r
475 314 497 356 o
498 293 609 374 specio,
641 291 795 372 cruraque
825 290 967 356 ailiam
957 310 1026 354 raus
1052 289 1215 372 habituro,

201 381 339 462 convenit
359 381 487 461 simplae
509 381 574 444 ocri
595 382 708 444 erroris
730 378 883 458 consessio

267 467 345 532 Mox
366 471 477 532 tamen
494 465 771 567 Hemsterhusius,
787 488 859 532 curn
877 464 981 529 dolori
999 443 1215 530 successisset

202 555 373 638 regitano,
403 577 499 638 quarn
520 555 631 637 inique
659 576 692 618 se
721 553 905 619 adolescent
891 557 958 618 tem
984 574 1057 617 cum
1084 550 1214 616 Orit1co

201 647 369 725 veterane,
393 643 566 725 eodemque
589 641 733 716 omnium
754 641 907 723 principe.
921 642 1153 723 comparasset,
1176 643 1214 704 et

202 751 309 796 secum
322 731 357 794 in
366 730 506 812 gratiam
515 729 620 812 rediit,
630 734 744 794 etcum
753 728 857 808 literis
867 728 1008 793 Graecis
1021 726 1067 791 At
1077 727 1212 790 Bentle-

199 819 294 900 janee
327 817 554 882 admonitionis
585 817 666 884 haee
683 818 741 886 ¹vis
773 817 848 899 fuit,
880 819 917 880 ut
944 815 1028 898 apud
1054 815 1213 880 ‘animum

186 905 423 988 ‘constitueret
449 927 515 970 non
543 910 618 971 ante
641 926 675 968 se
701 905 737 968 in
759 904 844 968 hunc
866 903 1074 986 praecipitem
1095 902 1256 966 locum27

202 993 411 1074 committere,
434 1014 531 1076 quam
555 993 674 1056 artium
698 989 873 1076 omnium¹)
897 993 1024 1073 copiam
1047 993 1156 1054 mente
1175 995 1211 1053 et

202 1080 399 1162 cogitatione
407 1079 577 1162 comprehe
586 1078 718 1162 udisset,
728 1083 770 1160 et,
777 1080 931 1162 quoniam
943 1079 979 1142 in
989 1077 1051 1142 hoc
1067 1077 1210 1142 maxime

201 1167 503 1250 reprehendebatur,
527 1164 730 1232 Comicorum
753 1187 863 1231 versus
884 1187 951 1230 non
972 1168 1048 1230 ente
1069 1167 1209 1247 tentare,

203 1277 299 1338 quam
322 1256 411 1318 varia
434 1258 617 1322 metrorum¹
638 1274 769 1336 genera,
800 1251 938 1318 Oomieis
962 1253 1096 1336 usitata,
1118 1253 1209 1335 peni-

201 1346 254 1406 tus
276 1339 516 1425 percepisset2).
551 1339 620 1406 Nee
642 1341 752 1422 alium,
774 1340 838 1404 nisi
860 1340 953 1404 illum
975 1342 1082 1422 ipsum
1105 1341 1209 1404 moni-

202 1435 307 1494 torem
331 1451 432 1512 suum,
456 1429 519 1492 sibi
540 1429 734 1495 imitandum
756 1430 880 1494 siunsit.
920 1426 1015 1492 Hunc
1039 1429 1125 1494 enim
1148 1428 1206 1490 mi·

195 1519 334 1586 ,rebatur
356 1514 496 1602 unum3),
520 1515 606 1582 hunc
623 1517 658 1582 in
681 1515 782 1580 oeulis
800 1515 933 1598 ferebat,
953 1514 1039 1580 hune
1055 1516 1205 1580 omnibus

169 1629 177 1645 ·
202 1605 376 1668 memoriae
393 1607 523 1668 nostrae
542 1601 672 1672 Oriticis
695 1604 921 1686 componebat,
941 1625 982 1666 ne
1000 1602 1205 1666 dissimulans

203 1692 331 1774 quidem
354 1691 577 1773 offensionem,
603 1691 635 1756 si
654 1691 726 1773 quis
754 1691 832 1756 talis
855 1691 919 1755 viri
941 1691 1204 1774 magnitudinem,

203 1801 299 1862 quam
318 1778 470 1861 consequi
488 1777 579 1842 nulla
596 1778 722 1842 ratione
740 1781 858 1861 posset,
881 1800 938 1860 per
956 1779 1109 1842 invidiam
1128 1775 1203 1840 alle·

202 1871 314 1930 traret.

268 1954 355 2018 Inito
379 1955 480 2039 igitur
503 1953 691 2018 eruditionis
714 1954 958 2036 locupletandae
982 1953 1131 2037 consilio,
1152 1975 1203 2018 ve-

202 2045 297 2126 teres,
318 2043 392 2106 inde
420 2043 460 2106 ab
488 2042 691 2126 ingeniorum
720 2041 823 2125 fonte,
851 2041 1008 2124 Homero,
1032 2042 1202 2124 scriptores

202 2151 365 2214 nunquam
382 2131 518 2194 remisso
537 2127 677 2214 studi0⁴)
700 2130 794 2215 legit:
816 2130 920 2215 legit?
942 2131 1041 2194 immo
1060 2152 1135 2195 vero
1154 2141 1247 2194 err-28

95 2267 96 2274 ι
203 2219 331 2300 carpsit,
354 2219 440 2282 etin
462 2217 579 2283 horrea
594 2240 652 2282 sua
675 2219 846 2302 congessit,
858 2220 904 2300 nt,
928 2217 1077 2300 quicquid
1091 2218 1143 2282 vel
1164 2217 1202 2281 ad

203 2305 368 2387 utriusque
391 2304 521 2388 linguae
543 2305 716 2387 rationem,
743 2305 795 2369 vel
822 2306 863 2370 ad
884 2305 1068 2384 historiam,
1090 2306 1143 2370 vel
1165 2305 1202 2370 ad

202 2392 284 2456 ritus
307 2395 340 2455 et
355 2413 460 2456 mores
475 2392 626 2475 gentium,
640 2392 691 2458 vel
714 2393 754 2457 ad
768 2394 907 2475 priscam
922 2392 1114 2476 sapientiam
1137 2416 1203 2476 per-

203 2481 329 2563 tineret,
351 2478 385 2546 id
407 2485 556 2562 peratum
576 2484 671 2565 esset,
692 2477 773 2563 a05),
795 2480 825 2544 si
846 2502 897 2546 res
919 2481 1109 2565 postularet,
1132 2481 1201 2545 inde

204 2568 354 2632 continuo
378 2566 658 2652 depromereturl).
1169 2599 1173 2608 ’

273 2655 375 2731 Quam
398 2676 474 2719 vero
498 2656 758 2720 consuetudinem
787 2656 857 2739 ipse
883 2657 918 2721 in
940 2657 1076 2741 legendo
1098 2660 1201 2720 tenue-

202 2747 322 2825 rat,.ut
344 2765 364 2807 a
386 2743 558 2808 veterrimo
586 2764 711 2827 quoque
739 2745 896 2828 scriptore
924 2745 1060 2828 gradum
1086 2743 1202 2808 faceret

203 2832 342 2910 adeum,
362 2831 418 2917 qui
437 2831 602 2914 proximus
622 2836 706 2898 esset
729 2836 844 2911 aetate,
862 2833 997 2898 eandem
1015 2831 1088 2895 eliis
1107 2831 1201 2894 etiem

203 2925 299 3002 atque
328 2919 426 2988 etiam
459 2919 712 2984 commendebat
762 2919 849 2984 Nam
881 2919 1033 3002 primum,
1060 2922 1097 2982 ut
1124 2917 1200 2982 alias

203 3007 458 3089 opportrmitates
494 3006 657 3090 omittam,
687 3007 715 3072 si
746 3006 808 3070 hec
835 3002 922 3092 viel)
948 3002 1201 3089 progrediaris⁸),

202 3115 268 3158 non
290 3095 461 3158 verborum
482 3097 620 3176 tantum,
643 3094 698 3158 sed
721 3094 820 3171 etiam
839 3093 1120 3178 significationum,
1144 3093 1202 3158 sin·

273 3339 407 3406 3)paene
425 3335 563 3418 infinitam
581 3338 645 3392 add.
734 3333 762 3405 2)
780 3339 818 3405 et,
835 3336 1019 3406 quoniam-
1038 3337 1201 3416 percepisset

202 3425 253 3463 ora
342 3409 368 3474 3)
387 3407 422 3460 Η.
441 3423 465 3460 e.
483 3407 604 3461 maxime
622 3407 815 3462 admirabatur
909 3408 937 3471 4)
956 3405 1105 3486 scriptores
1123 3405 1199 3482 perti·

202 3477 265 3532 naci
284 3478 314 3529 et
329 3477 466 3532 indomito
489 3477 580 3532 studio
669 3479 697 3544 t)
716 3479 745 3530 et
840 3477 866 3541 6)
884 3475 948 3529 inde
967 3473 1063 3529 statim
1081 3471 1200 3541 depromi
1227 3522 1230 3526 .

201 3548 297 3617 posset
386 3549 430 3616 t)
431 3548 538 3602 ratione
627 3547 654 3615 8)
673 3546 853 3616 progrediere
