2630 3916
181 55 201 119 8
597 51 763 109 meorum

157 196 353 279 provincia,
374 217 426 260 res
450 217 541 260 seeus
564 195 687 276 cecidit,
711 217 778 259 non
800 193 993 261 (iuratorum
1015 197 1207 263 voluntate

181 283 336 365 alienata,
359 283 415 346 sed
442 283 565 346 artibus
596 303 720 364 eorum,
748 282 817 367 qui,
841 304 882 348 ne
910 283 1087 350 luminibus
1120 287 1203 350 suis

180 371 361 434 obstrueret
346 373 408 450 tur,
430 374 496 435 met
482 367 659 456 tuebant1).
694 369 782 436 Data
805 374 853 436 est
839 369 1038 436 tProfessio
1061 371 1202 437 Haver·

180 479 303 541 eampo,
322 458 351 521 si
373 457 478 522 minus
496 456 697 541 Academiae,
720 457 783 522 at
747 479 915 542 1psorum
932 462 985 524 rat
970 459 1116 524 tionibus
1137 482 1198 528 ao-
1212 466 1253 514 22

181 545 394 609 commodato.
440 543 502 609 Sed
524 545 604 609 haec
626 546 742 628 latere,
765 545 880 610 melius
904 549 966 630 est,
993 568 1088 630 quam
1114 569 1197 612 cum

180 632 378 697 auctorum
369 633 548 716 ignominia
561 636 594 696 et
607 633 782 697 dedecore
772 655 807 696 m
820 635 922 698 lucem
935 634 1082 717 proferri.
1114 633 1196 699 Lei-

180 720 239 784 dae
258 741 330 784 cum
344 719 610 808 Hemsterhqsius
629 720 808 786 studiorum
827 721 933 871 spatia
950 718 1194 818 decurrebat2),

134 824 140 831 ·
180 807 234 872 vix
257 799 333 871 dum
355 806 482 889 expleto
448 799 628 872 tdecimo
651 829 736 873 nono
759 809 856 873 aetat'
812 829 874 873 ars
898 830 1000 891 enno,
1022 809 1192 874 Amstelo·

169 891 357 979 'damum³),
383 897 427 959 ut
446 895 611 977 juventuti
583 895 800 960 tetudiosae
832 895 919 960 viam
951 896 993 960 ad
1020 895 1191 961 Mathesin

181 985 215 1046 et
231 981 476 1065 Philosophiam
497 983 667 1065 praeiret,
664 981 877 1047 honorifice
868 983 935 1046 mvi
936 987 1024 1047 tatur
1029 981 1067 1068 )4.
1103 983 1189 1059 Quis

180 1074 238 1150 est,
261 1070 317 1152 qui
338 1069 439 1133 talem
461 1069 660 1154 provinciam
681 1074 811 1148 nactus,
837 1090 903 1133 non
929 1073 1040 1134 totam-s
1061 1071 1188 1136 studio-

180 1179 251 1221 rum
274 1156 433 1221 rationem
456 1157 706 1222 commutasset?
743 1177 809 1221 non
833 1157 1038 1222 humaniores
1060 1157 1188 1242 literas,

181 1244 283 1310 veluti
306 1244 491 1328 crepundia,
519 1243 713 1330 abjecisset?
750 1244 840 1308 Talis
868 1244 1009 1309 stultitia
1034 1245 1070 1308 in
1091 1246 1187 1328 alios,

181 1334 222 1396 ab
256 1333 403 1415 angustis
435 1331 599 1396 doetrinae
633 1332 830 1414 compendiis
863 1331 1038 1416 profectos,
1070 1333 1186 1397 cadere

179 1424 317 1503 poterat,
339 1420 374 1482 in
392 1418 674 1484 Hemsterhusium
693 1441 759 1484 non
780 1422 918 1502 poterat,
941 1419 996 1502 qui
1018 1420 1184 1502 praeclare

181 1508 287 1591 sciret,
310 1528 373 1590 quo
397 1507 560 1572 societatis
587 1507 715 1572 vinculo
738 1506 799 1571 hae
825 1506 1014 1590 disciplinae
1041 1507 1126 1572 inter
1147 1530 1183 1571 se

181 1593 412 1658 devinciuntur.
455 1593 503 1658 Ac
529 1595 650 1676 reperit
672 1594 921 1677 Amstelodami,
948 1616 1083 1678 quorum
1111 1616 1181 1659 con-

182 1680 348 1745 suetudine
372 1680 605 1764 elegantiorum
628 1682 794 1746 literarum
817 1681 957 1746 studium
974 1703 1041 1746 non
1063 1682 1180 1747 medio·

181 1768 277 1832 criter
300 1765 443 1852 aleret5).
488 1767 634 1832 Ornabat
656 1772 726 1832 tum
748 1768 842 1832 illam
861 1769 974 1832 urbem
996 1769 1179 1854 ingeniosus
1191 1780 1225 1827 23

180 1855 292 1938 Poeta,
306 1859 339 1918 et
356 1855 495 1920 disertus
509 1855 684 1920 Potitarum
696 1855 885 1922 Latinorum
898 1857 1066 1940 interpres,
1078 1856 1101 1921 J
1102 1879 1178 1922 enus

180 1942 413 2007 Broukhusius.
448 1942 487 2006 ln
505 1943 617 2010 eadem
638 1948 708 2008 tum
727 1943 852 2026 aliquot
871 1965 971 2013 annos
987 1943 1178 2029 degebantl)

181 2028 364 2114 Stephanus
379 2029 551 2115 Berglerus
566 2035 599 2096 et
611 2031 799 2114 liudolphus
813 2030 982 2114 Kusterus,
995 2031 1050 2096 ille
1064 2032 1177 2097 veteris

180 2117 405 2201 philosophiae
437 2115 590 2191 seientia.¹
615 2118 669 2184 hic
705 2119 817 2184 critice
849 2118 1017 2202 facultate,
1048 2123 1177 2204 uterque

182 2204 313 2269 Graecis
335 2205 441 2270 literis
466 2209 534 2269 tam
562 2207 737 2286 excellens,
764 2210 800 2271 ut
827 2207 1015 2290 ambiguum
1042 2207 1176 2289 posteris

181 2290 386 2375 reliquerint,
408 2294 481 2356 uter
502 2293 569 2357 utri
596 2314 633 2356 ea
659 2292 753 2358 laude
776 2297 963 2376 praestaret.
1007 2291 1176 2380 Quoruml)

181 2379 358 2443 amicitiam
381 2377 644 2446 Hemsterhusius
667 2381 841 2464 appetebat
859 2381 1074 2465 cupidissime,
1094 2384 1175 2446 tene·

180 2467 301 2550 batque
329 2488 367 2531 eo
400 2467 614 2550 constantius,
647 2490 709 2550 quo
737 2468 842 2551 magis
873 2467 1040 2552 ingenium
1065 2469 1174 2534 talium

181 2554 325 2618 virorum
343 2553 545 2619 sermonibus
564 2555 604 2618 ad
621 2556 726 2620 omnis
746 2555 924 2638 elegantiae
944 2577 1074 2620 sensum
1091 2578 1173 2620 acue-

180 2640 286 2706 batur.
321 2641 393 2705 Hae
411 2645 479 2706 tam
503 2641 592 2706 felici
610 2639 730 2728 velut⁸)
749 2643 941 2726 contagione
958 2642 1172 2708 Broukhusius

180 2729 215 2792 in
247 2750 318 2793 eum
349 2729 525 2794 transfirdit
555 2728 730 2812 Propertii,
761 2729 920 2795 Kusterus
951 2729 1172 2814 Aristophanis

180 2837 333 2898 amorem,
352 2815 559 2903 salutarem⁹)
580 2815 729 2900 deinceps
747 2817 874 2901 utrique
892 2815 1012 2882 Pottae
1029 2818 1171 2882 futurum.

181 2901 243 2967 Sed
262 2903 332 2985 jam
355 2908 429 2967 ante
451 2903 676 2986 intervenerat,
699 2904 783 2987 quod
805 2904 1087 2971 Hemsterhusium
1109 2927 1171 2970 cum

179 2989 310 3056 Graecis
320 2989 423 3056 Musis
438 2993 540 3056 artius
556 2993 772 3076 conjungeret.
794 2991 996 3057 Destituerat
1009 2992 1059 3056 vir
1069 2993 1208 3057 doctus24

251 3165 277 3231 1)
295 3163 427 3218 timerent
508 3165 536 3232 2)
555 3164 714 3219 decurreret
795 3165 823 3234 8)
842 3181 914 3220 anno
928 3163 1080 3220 honorifice
1092 3166 1192 3220 Amet

178 3232 314 3286 invitatur
418 3233 446 3302 4)
465 3233 616 3289 honorifice
638 3235 820 3289 invitaturb.
840 3236 858 3288 l.
876 3236 976 3288 abeant
1081 3237 1106 3303 5)
1123 3238 1169 3290 stu·

179 3302 255 3356 dium
281 3303 461 3358 vehementer
487 3304 609 3358 aleretur
706 3305 733 3369 6)
751 3303 949 3358 Broukhusius.
985 3303 1051 3359 Mox
1072 3307 1141 3372 temp
1141 3321 1168 3372 us

179 3371 294 3508 aliquqd
315 3373 420 3495 iblidem
441 3371 585 3442 degebant
705 3376 732 3442 t)
754 3373 860 3428 Horum
983 3374 1011 3442 8)
1033 3372 1109 3427 velut
1126 3388 1167 3426 om.

295 3443 474 3496 utiissrmum
