2630 3916
396 165 532 218 TIBERII
548 166 828 223 HEMSTERHUSII.
1077 171 1118 235 15

113 309 202 391 cujus
226 310 320 370 tanta
341 306 554 372 admiratione
577 312 690 391 captus
712 314 795 393 crat,
821 313 872 392 ut,
902 312 931 375 si
953 311 1023 377 lieri
1046 336 1117 397 pos·

113 400 172 473 set,
195 415 295 458 unum
318 394 385 476 ejus
413 394 533 459 librum
561 395 761 478 deperditum
786 397 941 481 plaustris
969 399 1118 466 homilia·

111 505 185 547 ium
210 480 266 546 SS.
288 481 423 546 Petrum
445 482 600 546 redimere
622 484 729 548 vellet.

180 569 408 652 Antiquitatis·
417 569 569 653 eruditae,
591 568 652 634 hoe
666 575 725 654 est,
739 571 882 638 Graecae
897 579 930 638 ct
943 573 1117 662 Romanae,

26 653 30 658 ’
113 657 257 722 studium
268 661 344 720 'non
362 655 499 742 solum1)
518 657 559 721 cd
577 661 722 722 veterum
740 660 935 743 scriptorum
948 662 1117 728 historiae·

113 742 208 829 quel)
232 744 484 828 intelligentiam
501 745 677 830 referebat,
705 745 795 832 sed³)
819 749 918 812 etiam
941 770 988 835 eo,
1011 755 1048 814 ut
1070 752 1117 816 in-

114 834 260 918 genium,
284 832 469 898 contuendis
497 833 648 916 antiquae
676 836 755 898 artis
784 836 962 920 miraculis,
989 844 1117 902 acueret

113 920 155 984 ad
179 941 309 984 sensum
322 920 504 1003 elegantiae
518 923 552 983 et
564 921 848 1006 venustatis,·quac
870 924 992 990 talibus
1016 925 1117 1009 operi-

113 1009 176 1071 bus
199 1008 328 1072 inesset
352 1005 442 1071 ‘Nec
464 1008 635 1090 quicquam
661 1011 713 1073 vel
741 1011 900 1094 cupidius,
922 1011 975 1076 vel
997 1013 1116 1077 intelli-

114 1095 244 1178 gentius
263 1095 439 1178 spectabat,
458 1115 554 1178 quam
577 1100 699 1160 veteres
718 1117 872 1182 gemmas,
889 1120 1014 1183 numos,
1031 1123 1118 1182 vasa,

114 1182 312 1266 anaglypha,
334 1185 474 1246 statuas:
501 1184 589 1266 cujus
617 1184 665 1247 rei
686 1184 875 1250 facultatem
898 1185 992 1274 ipsi4)
1006 1188 1119 1252 'dabat

66 1278 102 1326 39
114 1271 227 1347 soceri,
243 1268 361 1336 Jacobi
379 1268 494 1333 Wildii
515 1291 668 1349 museum,
684 1293 753 1337 non
770 1295 886 1356 paucas
905 1276 972 1359 ejus
991 1276 1119 1359 generis

113 1357 268 1442 reliquias
300 1355 470 1442 servanel).
518 1357 612 1422 Hanc
646 1360 754 1425 animo
788 1362 981 1428 insidentem
1015 1362 1119 1445 pulcri

115 1450 150 1510 et
162 1446 244 1509 recti
253 1445 391 1528 speeiem
399 1443 456 1509 ubi
465 1443 506 1509 ad
514 1447 727 1510 recentiorum
737 1447 897 1512 artificum
906 1470 1004 1531 opera
1017 1453 1119 1512 trans·

114 1533 259 1615 tulisset,
292 1554 358 1596 uon
395 1534 516 1596 temere
549 1532 818 1619 reperiebatur&
860 1536 915 1618 qui
947 1533 1051 1622 cum⁷)
1081 1536 1119 1600 de

113 1623 242 1704 pictura
251 1623 284 1684 et
292 1621 451 1683 statuaria
459 1622 589 1684 nostrae
600 1621 726 1704 aetatis,
737 1620 839 1708 tum⁸)
848 1624 886 1686 de
896 1623 1120 1708 architectura,

116 1709 254 1791 aliisque
287 1707 443 1790 ejusmodi
479 1707 601 1772 artibus
640 1708 819 1791 elegantius
853 1711 1020 1793 judicaret.
1072 1710 1120 1774 Ao

116 1816 212 1878 saepe
240 1795 432 1876 mirabatur,
452 1795 576 1870 foculos
602 1795 701 1878 vulgo
727 1817 784 1880 per
809 1798 991 1881 pudendam
1018 1799 1120 1881 negli-

114 1883 262 1968 gentiam
290 1883 329 1946 ad
354 1882 480 1946 nullam
505 1901 574 1946 rem
602 1883 732 1965 erudiri,
766 1905 838 1948 cum
866 1885 949 1948 aliae
976 1885 1120 1968 eorporis

114 1975 237 2054 partes,
252 1991 334 2052 quae
355 1970 461 2034 minus
476 1969 541 2034 sint
550 1971 763 2052 praestabiles
798 1977 853 2054 ,et
867 1972 1119 2036 minusoblecta-
1155 2044 1157 2047 .

115 2057 216 2122 tionis
230 2057 339 2120 animo
352 2054 583 2141 praebeantw),
606 2056 748 2120 studiose
758 2054 782 2093 ¹¹
819 2058 1013 2141 excolantur,
1028 2079 1120 2122 aures

115 2145 159 2210 ad
182 2148 354 2208 concentus
369 2143 509 2208 musicos
523 2147 609 2208 recte
623 2143 816 2225 sentiendos,
840 2166 953 2208 manus
977 2148 1011 2208 et
1023 2145 1120 2228 pedes

98 2277 105 2283 -
118 2232 161 2297 ad
176 2233 366 2296 concinnum
381 2235 413 2295 ct
426 2231 595 2295 liberalem
602 2227 641 2316 ¹²)
664 2233 788 2295 motum
802 2231 966 2297 edendum.
997 2232 1121 2296 Auctor

116 2320 220 2402 igitur
241 2322 312 2384 ¹erat
335 2318 500 2400 discipulis
524 2320 601 2402 suis,
622 2323 660 2382 ut
682 2319 798 2383 lineari
820 2321 973 2403 picturae,
995 2320 1031 2384 in
1058 2341 1122 2402 qua

117 2407 246 2490 artium,
269 2427 348 2490 quas
362 2406 511 2488 diximus,
523 2405 733 2470 fundamenta
752 2412 835 2488 sunt,
848 2410 974 2470 matum
989 2427 1121 2490 operam

117 2495 243 2558 darent.
776 2509 779 2514 ·

68 2591 106 2640 4ο
186 2579 274 2644 Satis
288 2580 426 2645 diximus
437 2580 476 2654 de
491 2579 781 2666 infinita¹³)rerun1
796 2582 889 2663 copia
903 2585 935 2644 et
955 2567 1121 2662 varietate,

117 2687 216 2753 quam
245 2673 352 2732 menta
381 2669 567 2751 complexus
599 2672 649 2732 est
677 2668 951 2750 Hemsterhusius.
1000 2666 1121 2730 Verum

117 2755 289 2820 adrerum
312 2755 565 2840 intelligentiam
592 2755 700 2819 nullus
724 2753 830 2818 aditus
856 2757 958 2837 patet,
979 2753 1044 2817 nisi
1065 2775 1122 2837 per

117 2844 406 2926 exquisitissimam
437 2844 605 2908 scientiam
634 2843 832 2926 linguarum,
864 2840 1004 2904 Graecae
1033 2862 1123 2922 prae-

116 2930 233 2995 sertim
242 2934 276 2994 et
288 2929 432 2995 Latinae.
454 2930 517 2996 Hic
527 2931 603 3013 quid
613 2952 664 2993 me
677 2929 797 2994 attinet
810 2928 924 3011 dicere,
938 2949 1010 2992 eum
1024 2927 1122 3010 longa
1230 2975 1234 2978 -

117 3020 152 3080 et
175 3021 325 3082 accurata
350 3018 560 3082 meditatione
583 3013 790 3083 consecutum
811 3037 894 3097 esse,
916 3019 953 3078 ut
982 3013 1122 3078 Graecae

115 3103 248 3188 linguae
260 3106 407 3169 nativam
420 3104 571 3188 indolem,
583 3105 823 3188 proprietatem,
838 3107 870 3168 et
884 3121 1001 3166 arcana
1014 3101 1122 3166 omnia

192 3276 217 3342 1)
235 3277 319 3331 modo
426 3277 452 3344 Β)
471 3279 501 3331 et
517 3277 651 3332 historiae
748 3277 775 3344 3)
794 3293 890 3330 vesum
987 3275 1014 3342 4)
1033 3273 1122 3342 quoti-

116 3344 162 3398 die
177 3345 241 3399 add.
313 3347 340 3414 5)
358 3363 493 3414 museum,
507 3347 615 3416 priscus
629 3346 697 3400 artis
711 3346 835 3414 reliquiis
849 3344 982 3398 refertum
1036 3346 1062 3411 6)
1075 3359 1122 3396 ne-

116 3430 164 3468 mo
183 3430 241 3484 rep.
350 3419 376 3482 7)
394 3432 451 3470 non
469 3417 559 3471 solum
649 3411 744 3484 8)'sed
762 3417 847 3469 etiam
936 3417 963 3481 9)
982 3429 1053 3482 quae
1071 3414 1122 3466 mi-

116 3501 170 3538 ¹¹¹¹⁸
190 3484 456 3622 dllilllllltlll
510 3556 554 3623 η)
570 3487 728 3609 tttttd
756 3483 1071 3620 fflmtftlttt'ffi
1095 3501 1119 3552 Ρ·
