2630 3916
314 127 317 130 ’
393 161 529 215 rruuau
546 160 826 216 nausraanusu.
893 151 899 162 '
1090 162 1111 224 9

108 303 192 369 Julii
214 303 356 369 Pollucis
375 303 557 386 editionem,
575 325 656 387 quac
675 303 910 368 Amstelodarni
928 305 1112 387 parabatur.
1150 355 1153 360 .

109 391 291 473 Quaeritur,
311 391 366 474 qul
383 390 554 456 destitutas
572 395 681 473 partes
695 391 844 473 excipiat.
879 390 950 455 Itur
963 391 1003 454 ad
1017 391 1112 456 Hem·

110 479 318 544 sterhusium.
361 477 404 560 Is,
427 478 557 552 Graevii
584 479 778 542 auctoritate
807 478 978 562 impulsus,
1007 479 1111 561 operis

110 587 221 631 curam
251 566 395 649 suscipit,
409 569 442 630 et
456 567 733 643 commentatione,
754 567 891 648 juvenili
903 566 963 629 illa
977 567 1112 649 quidem,

109 657 321 718 veruntamen
338 653 466 735 juvenis
484 651 730 731 Hemsterhusii,
749 653 1040 718 eruditissimorum
1058 653 1113 717 ho

110 742 235 804 minum
258 741 367 805 oculos
386 741 573 823 animosque
595 741 630 804 in
653 761 686 804 se
704 741 873 804 convertit.
908 739 983 823 Ipso
1002 744 1113 804 auctor

111 825 199 914 (quis
222 828 308 892 enim
330 828 392 892 tali
413 832 520 892 aetate
548 835 588 891 se'
609 829 715 911 ipsum
739 825 980 979 contemnatth
990 829 1028 892 de
1051 828 1113 891 hoc
1239 848 1241 856 ’

111 936 208 998 opere
235 915 316 980 satis
342 915 424 979 hene
458 915 628 979 sentiebat
672 913 771 979 Brevi
799 920 924 998 posta
981 914 1112 979 ichardo

110 1003 270 1085 BentleJ'o,
287 989 475 1066 Britanniae
498 1001 698 1085 Aristarcho,
719 1002 830 1066 literas
850 1001 977 1085 accipit,
997 1003 1112 1085 quibus

112 1089 272 1174 quidem¹)
301 1111 398 1172 opera
427 1089 554 1153 Polluci
585 1093 684 1154 navat
686 1112 706 1152 a
737 1089 852 1154 eximie
879 1086 1113 1174 laudabatur2).

111 1174 191 1260 Ao)
216 1176 406 1240 eaedemt
368 1177 406 1248 lit
408 1197 480 1241 erac
503 1167 709 1259 Bentlejauas
737 1177 1007 1241 emendationes
997 1199 1032 1240 ιιι
1055 1173 1114 1242 Oo-

112 1265 270 1328 micorum
285 1263 366 1346 loca,
379 1263 495 1348 quibus
509 1263 626 1328 Pollux
646 1285 712 1328 aso
730 1263 825 1328 dictis
848 1263 944 1327 fidem
959 1266 992 1326 et
1006 1268 1113 1327 aucto·

65 1354 246 1417 acritatem
259 1347 503 1435 conciliasset4),
517 1351 820 1434 complectebantur
851 1351 891 1414 In
904 1351 1019 1434 quibus
1033 1351 1114 1428 locis

112 1443 180 1504 rest
166 1439 320 1504 tituendis
342 1438 458 1502 Hemst
459 1437 605 1503 erhusius
629 1458 754 1521 quoque
773 1442 994 1502 consumserat
1016 1423 1115 1502 studii

113 1523 386 1610 plurimum5),p
387 1525 476 1589 olore
502 1525 700 1606 intelligens,
729 1545 887 1588 summam
914 1525 961 1588 rei
990 1524 1113 1588 inillis

112 1616 205 1678 vertr.
185 1611 429 1694 rhinimvero,
451 1612 542 1676 lectis
561 1611 890 1676 animadversionibus
907 1611 1115 1712 BentleJ'anis,

113 1700 243 1782 videt,'
233 1721 361 1764 manem
384 1720 515 1782 operam
537 1721 629 1764 suam
651 1699 759 1781 fnisse,
782 1699 829 1763 alt
815 1703 920 1764 terum
944 1700 1052 1763 omnia
1071 1699 1115 1762 di-

114 1748 236 1852 vinitirs
263 1786 451 1870 expediisse.
501 1785 571 1863 Quo
601 1792 669 1850 tum
697 1787 805 1850 animo
834 1785 1115 1852 Hemsterhusium

113 1875 214 1938 fuisse
241 1875 360 1957 putas?
401 1873 454 1938 Ita
483 1875 692 1938 conturbatus
723 1878 787 1957 est,
814 1875 861 1938 ita
888 1873 1055 1939 sibimet
1046 1895 1113 1956 rpse

26 1961 30 1974 ’
114 1962 289 2044 displicuit,
310 1965 347 2025 ut
369 1960 509 2026 Graecas
531 1962 643 2026 literas
670 1961 706 2024 in
731 1965 920 2044 perpetuum
948 1960 1115 2044 repudiare

115 2051 283 2112 statueret.
305 2047 337 2111 N
339 2068 383 2130 ec,
392 2069 450 2130 per
459 2068 602 2112 mensem
615 2069 714 2112 unum
724 2049 843 2110 etitem
858 2047 1006 2130 alterum,
1020 2068 1114 2110 ausus

115 2143 166 2200 est
188 2135 379 2216 scriptorem
398 2133 555 2206 Graecum
578 2135 747 2216 attingere.
784 2133 856 2198 Hoc
879 2135 906 2197 si
929 2134 1025 2197 alteri
1047 2155 1115 2197 eve-

114 2223 226 2305 nisset,
250 2243 346 2305 quarn
368 2225 475 2286 astute
498 2222 532 2285 id
551 2221 795 2304 dissimulasset,
817 2243 913 2304 quam
936 2221 1115 2285 cautionem

115 2308 463 2393 etdiligentiam,nein
480 2308 604 2393 vulgus·
613 2312 784 2390 emanaret,
793 2305 1047 2393 adhibuisset⁶)?
1071 2308 1116 2371 At

115 2397 209 2479 illc,o
222 2397 374 2462 callidum
386 2397 566 2460 hominem!
578 2396 612 2460 id
625 2417 755 2461 narrare
765 2396 939 2479 discipulis,
948 2399 981 2460 et
995 2396 1116 2460 crebris
1129 2413 1134 2422 ·

115 2485 315 2549 sermonibus
342 2506 497 2567 usurpare
525 2484 659 2550 solebat
703 2483 835 2566 Nescio,
862 2483 938 2568 quid
968 2481 1025 2546 alii
1047 2504 1116 2546 sen-

115 2571 209 2634 tiant
253 2570 337 2635 Mihi
357 2593 522 2654 nunquam
548 2572 664 2654 major,
692 2591 788 2654 quam
816 2591 888 2634 cum
914 2570 994 2634 haec
1021 2569 1060 2633 de
1082 2591 1116 2634 se

70 2674 106 2724 26
117 2659 255 2740 ingenue
273 2658 446 2740 fatebatur,
464 2660 551 2724 visus
570 2663 621 2723 est
637 2657 909 2722 Hemsterhusius.
941 2657 1026 2722 Nam
1045 2677 1117 2722 acer

115 2745 217 2809 animi
230 2765 355 2810 morsus
369 2745 498 2824 indicat,
509 2767 588 2828 quos
603 2767 699 2828 quam
713 2745 799 2809 altos
813 2749 846 2808 et
859 2767 968 2810 veram
978 2745 1117 2827 gloriam

117 2835 304 2914 expetentes
324 2830 490 2916 spiritus⁷)
510 2836 638 2915 pectore
657 2832 804 2916 gesserit,
818 2833 935 2896 erroris
950 2830 1118 2914 confessio,

117 2923 271 3002 quantam
298 2920 511 2984 maximarum
542 2941 649 2984 rerum
679 2919 828 2984 fiduciam
857 2919 1002 2983 haberet.
1045 2919 1118 2984 Ele·

117 3010 232 3089 gauter
250 3011 283 3072 et
300 3027 374 3070 vere
389 3004 501 3071 Celsus
520 3007 559 3071 de
577 3006 676 3072 simili
689 3005 898 3090 Hippocratis
918 3006 1118 3070 confessione

117 3093 560 3176 senatuumque
586 3094 668 3159 otuu
689 3094 811 3176 abac,
832 3094 913 3158 arua
938 3093 999 3158 sas
1019 3094 1119 3158 aaa

191 3265 253 3332 1)q
254 3266 347 3321 uidem
365 3282 415 3321 om
512 3267 540 3333 ι)
557 3265 719 3320 laudaretur
806 3268 833 3333 3)
853 3265 909 3319 Sed
1008 3265 1036 3332 4)
1055 3281 1119 3321 con-

117 3331 197 3388 ciliat
280 3337 306 3402 5)
325 3337 358 3390 In
375 3335 474 3390 iisdem
489 3334 663 3392 Comicorum
676 3336 800 3392 versibus
814 3334 990 3389 restituendis
1004 3335 1038 3389 Η.
1052 3353 1120 3404 qno·
1224 3400 1226 3405 1

116 3420 170 3472 que
189 3403 308 3458 multum
326 3406 410 3459 studii
428 3408 618 3460 consumserat
727 3407 754 3472 6)
772 3408 906 3473 quantam
924 3407 997 3458 caut.
1016 3421 1039 3458 e.
1057 3405 1120 3458 dili·

116 3473 242 3543 gentiam
261 3475 445 3542 adhibuisset,
467 3477 540 3529 nei.
558 3492 584 3530 v.
603 3477 747 3530 emanaret
851 3476 878 3543 7)
897 3474 969 3528 altos
992 3477 1022 3528 et
1037 3489 1119 3529 verae

115 3543 222 3612 gloriae
241 3545 356 3616 cupidos
374 3517 487 3614 spiritus
